2836 3366
1339 179 1364 219 5

285 307 439 356 methqq
449 305 572 361 Q
593 306 752 354 versibus
776 317 963 357 expressa,
996 312 1133 351 certum
1155 304 1342 351 consilium
1367 310 1505 342 secutus
1537 306 1581 342 sit
1605 305 1705 342 nobis
1738 304 1880 355 quidem
1915 304 2107 352 oecultum,
2139 304 2202 342 sed
2226 303 2323 354 quod
2349 303 2419 340 illis

285 365 486 417 hominihus
504 371 647 415 notum
655 378 732 404 esse
757 370 794 406 et
814 372 977 434 apertum
994 365 1121 405 facile
1132 366 1294 416 potuerit.
1320 365 1442 415 Atque
1467 364 1526 402 hic
1550 364 1714 415 equidem
1739 378 1847 402 unum
1872 364 1961 402 illud
1985 364 2197 402 contendere
2221 376 2328 402 ausus
2352 363 2419 400 sim

285 426 325 463 in
346 438 469 469 8111018
494 426 628 473 versari
652 425 751 473 11108,
784 426 846 475 qui
869 425 1088 477 Aeschylum
1114 436 1245 476 quum
1256 439 1347 475 quae
1377 438 1477 463 more
1502 431 1538 462 et
1562 424 1811 462 consuetudine
1836 426 1907 462 iam
1940 424 2003 461 diu
2036 430 2177 475 recepta
2203 430 2335 469 essent,
2376 436 2419 460 ea

286 497 355 537 qua
364 484 510 534 1111101111,
531 485 752 533 immutaret,
786 484 1040 527 inconsiderate
1060 485 1188 527 fecisse
1220 484 1354 531 dicant;
1393 498 1475 521 nam
1508 490 1613 535 poeta
1643 484 1756 533 qualis
1790 490 1866 520 erat
1891 484 2109 533 Aeschylus,
2144 496 2259 533 neque
2285 490 2419 520 temere

285 543 359 595 agit
382 557 499 594 neque
523 544 723 591 inconsulte.
776 544 883 591 Quod
904 558 975 594 quo
1004 544 1150 585 facilius
1166 543 1399 594 intelligatur,
1434 557 1514 581 rem
1545 543 1665 593 paullo
1696 544 1805 580 fusius
1838 542 2081 592 copiosiusque
2115 544 2243 593 exponi
2276 555 2419 580 necesse

287 603 371 655 erit.
605 638 607 641 ,

325 688 352 704 ,Δ
384 651 481 710 Ante
506 649 625 700 01111113
646 667 774 704 autem
778 662 952 699 memoria
978 646 1166 699 tenendum
1195 674 1269 699 esse
1282 662 1370 699 mihi
1395 661 1534 698 videtur
1543 661 1761 711 Aeschylum
1797 661 1866 698 illis
1892 662 2106 711 temporibus
2132 662 2260 698 vixisse
2287 668 2321 698 et
2340 674 2418 698 car-

287 721 384 758 mina
407 733 486 758 sua
495 721 711 769 condidisse,
746 721 871 788 quibus
894 720 1063 787 splendor
1084 721 1233 770 patriae
1267 727 1301 757 et
1331 721 1445 770 gloria
1479 722 1516 757 in
1550 721 1625 757 dies
1658 726 1859 769 augeretur.
1911 721 2033 757 Hostis
2066 721 2127 758 ille
2160 721 2418 769 potentissimus

288 793 330 819 ac
355 772 629 833 formidolosus„
652 781 714 831 qui
737 780 832 818 ferro
857 779 1003 831 ignique
1016 779 1306 831 ,opulentissimas
1330 781 1434 818 urbes
1459 792 1607 830 graecas
1634 786 1832 817 vastaverat
1863 787 1897 817 et
1922 780 2083 818 incendio
2108 779 2288 818 deleverat
2313 785 2418 830 atque

288 840 382 891 adeo·
402 838 578 891 Athenas,
608 840 732 887 lumcu
757 840 860 886 totius
885 839 1078 886 Graeciae,
1113 840 1330 887 extinxerat,
1362 842 1424 889 qui
1448 840 1640 889 perniciem
1676 840 1830 878 libertati
1855 840 2075 877 Graecorum
2109 848 2214 889 atque
2240 840 2417 877 interitum

287 900 422 940 infesto.
437 900 554 954 animq
588 906 666 940 erat
689 899 847 948 molitus,
881 900 993 939 victus
1025 906 1278 952 superatusque
1310 900 1547 952 compluribus
1578 899 1724 950 proeliis
1756 899 1841 951 fuga
1872 899 2047 951 flagitiosa
2079 901 2229 950 petierat
2259 899 2415 937 salutem.

288 961 447 1010 Depulso
469 956 581 1009 igitur.
601 961 758 998 omnium
783 962 941 997 maximo
965 961 1122 1008 periculo
1155 961 1361 997 incredibile
1387 962 1482 997 dictu
1507 968 1576 1006 est,
1612 967 1780 1009 quantum
1807 961 2028 998 Graecorum
2061 961 2169 997 animi
2203 968 2237 997 et
2262 961 2417 996 maxime

288 1018 563 1069 Atheniensium,
581 1018 637 1058 *ad
661 1018 814 1061 studium
838 1031 1065 1070 amoremque
1088 1018 1258 1057 libertatis
1290 1019 1420 1056 incitati
1454 1025 1489 1057 et
1513 1018 1719 1056 inflammati
1744 1019 1829 1067 sint,
1870 1019 2001 1071 quippe
2026 1032 2133 1070 quam
2158 1031 2220 1056 suo
2246 1019 2419 1068 sanguine

287 1081 332 1116 ab
358 1080 456 1130 hosta¹
470 1092 697 1132 ,magnopere
722 1080 876 1119 timendo
902 1080 1147 1116 defendissent.
1200 1081 1318 1128 Atque
1343 1080 1431 1115 illud
1456 1081 1627 1116 libertatis
1662 1081 1813 1115 studium
1848 1086 2017 1128 quantum
2051 1080 2157 1115 fuerit
2191 1080 2260 1115 illis
2286 1086 2418 1127 tempo-

289 1137 397 1187 ribus,
424 1138 615 1191 quantique
638 1138 858 1176 aestimatum
882 1139 927 1175 sit
951 1139 996 1176 ab
1021 1137 1306 1186 Atheniensibus,
1333 1150 1380 1175 ex
1404 1137 1564 1176 omnibus
1589 1137 1784 1185 artificum,
1811 1151 1931 1175 rerum
1956 1138 2167 1188 scriptorum
2192 1138 2417 1187 maximeque

288 1199 666 1249 poetarum-operibus
691 1199 858 1235 facillime
883 1199 1115 1247 cognoscitur.
1166 1199 1292 1247 Neque
1317 1199 1462 1245 mirum,
1496 1199 1591 1247 quod
1617 1205 1719 1247 poeta
1746 1199 1965 1246 praeclarus,
2001 1200 2062 1247 qui
2088 1205 2256 1247 quantum
2282 1199 2318 1233 in
2344 1198 2419 1246 ipso

290 1263 382 1306 erat,
397 1257 633 1310 „gravissimis
665 1256 735 1295 illis
768 1256 1066 1305 dimicationibus,
1100 1270 1186 1308 quas
1219 1257 1452 1295 Athenienses
1483 1257 1702 1308 potissimum
1737 1257 1783 1294 ad
1815 1257 1951 1308 patriae
1982 1257 2180 1295 libertatem
2207 1256 2419 1294 servandam

290 1319 479 1365 subierant,
502 1324 537 1355 et
559 1318 635 1367 ipse
661 1317 898 1367 compluribus
922 1318 1141 1364 interfuerat,
1168 1318 1251 1366 quia
1276 1330 1390 1354 mores
1415 1318 1507 1355 illius
1533 1318 1656 1355 aetatis
1683 1324 1717 1354 et
1742 1319 1884 1362 ingenia
1909 1318 2040 1367 optime
2059 1319 2223 1354 noscebat
2250 1331 2301 1363 ea,
2329 1329 2418 1365 quae

289 1377 400 1415 infixa
424 1377 605 1415 hominum
630 1377 756 1414 animis
787 1377 942 1427 singulos
957 1377 1085 1428 'divino
1119 1377 1273 1426 quodam
1306 1377 1434 1414 ardore
1459 1376 1711 1423 incendebant,
1744 1377 1780 1414 in
1805 1377 1995 1427 tragoediis
2030 1377 2231 1427 exprimere
2264 1376 2421 1413 versibus

290 1438 421 1475 studuit
445 1444 481 1481 et
504 1438 757 1488 spectatoribus
781 1437 881 1487 quasi
904 1443 986 1474 ante
1010 1437 1128 1478 oculos
1153 1449 1295 1487 ponere.
1346 1436 1448 1473 Haec
1473 1444 1524 1473 est
1548 1451 1663 1484 causa,
1690 1451 1752 1473 cur
1777 1437 1813 1473 in
1838 1438 2003 1487 operibus
2027 1438 2097 1474 suis
2123 1451 2145 1473 a
2171 1450 2310 1473 summa
2335 1449 2419 1484 gra-

290 1497 399 1535 vitate
422 1498 602 1549 profectus
626 1497 818 1535 delectetur
841 1503 946 1548 poeta
971 1497 1202 1547 depingendis
1235 1497 1445 1534 immanibus
1482 1503 1517 1534 et
1542 1497 1641 1547 quasi
1672 1497 1845 1546 giganteis
1880 1497 2034 1534 moribus
2059 1497 2277 1546 ingeniisque
2303 1508 2420 1546 perso-

291 1570 428 1603 narum,
455 1569 546 1606 quae
572 1570 618 1593 ex
642 1570 681 1593 se
704 1557 788 1606 ipsis
814 1562 949 1594 tantum
974 1563 1079 1605 aptae
1103 1557 1243 1605 suisque
1269 1556 1400 1593 viribus
1425 1557 1577 1593 confisae
1603 1557 1659 1593 vel
1685 1556 1832 1593 deorum
1855 1556 2025 1592 voluntati
2051 1563 2084 1592 et
2109 1556 2245 1605 legibus
2264 1556 2421 1592 maxima

292 1616 442 1660 audacia
465 1615 630 1653 resistere
654 1629 783 1666 easque
808 1616 997 1653 insolenter
1020 1616 1231 1667 impugnare
1256 1616 1418 1653 audeant.
1470 1615 1570 1652 Haec
1597 1622 1649 1653 est
1674 1629 1796 1662 causa,
1824 1629 1933 1666 quare
1959 1628 2047 1665 quos
2073 1616 2108 1652 in
2135 1615 2266 1652 fabulis
2292 1615 2421 1652 descri-

292 1676 343 1713 bit
367 1676 527 1714 homines
551 1676 577 1712 ii
601 1675 686 1723 sint,
721 1677 782 1725 qui
807 1676 1015 1723 maioribus,
1050 1689 1156 1726 quam
1180 1682 1306 1713 natura
1340 1676 1495 1712 humana
1529 1676 1622 1712 ferre
1656 1689 1757 1725 posse
1791 1676 1970 1723 videatur,
2011 1676 2257 1725 cupiditatibus
2291 1675 2422 1711 incitati

292 1736 371 1773 iura
396 1736 515 1772 divina
542 1742 577 1772 et
599 1735 769 1782 humana,
802 1749 895 1785 quae
919 1741 1037 1773 sancte
1071 1735 1218 1773 colenda
1251 1736 1335 1785 ipsis
1369 1742 1501 1782 essent,
1540 1735 1712 1772 violenter
1747 1735 1943 1783 inflectant,
1979 1736 2039 1785 qui
2074 1736 2182 1773 nimia
2215 1735 2344 1773 fiducia
2370 1734 2423 1771 sui

291 1795 483 1845 insitaequss
517 1795 654 1841 virtutis
686 1795 898 1832 conscientia.
931 1795 1014 1831 elati
1047 1795 1147 1845 quasi
1185 1794 1331 1831 scientes
1362 1795 1509 1831 deorum
1553 1808 1684 1845 poenas
1723 1797 1898 1845 suscipere
1932 1794 2051 1831 velintv
2113 1795 2283 1831 Videmus
2315 1794 2423 1843 igitur

290 1854 509 1906 Aeschylum
532 1855 570 1891 in
594 1854 723 1892 fabulis
748 1855 997 1904 componendis
1030 1855 1122 1891 hane
1153 1855 1220 1891 sibi
1253 1855 1428 1891 scribendi
1462 1855 1578 1903 legem
1604 1855 1762 1891 statuisse
1797 1860 1831 1891 et
1864 1855 1955 1890 hanc
1988 1856 2159 1891 rationem
2193 1867 2423 1904 personarum

291 1913 540 1964 fingendarum
564 1920 721 1954 secutum
749 1926 842 1961 esse,
882 1919 920 1951 ut
945 1926 992 1951 ex
1015 1913 1194 1964 partibus,
1231 1927 1318 1963 quas
1342 1913 1379 1950 in
1404 1913 1549 1963 singulis
1572 1913 1763 1963 tragoediis
1789 1913 1948 1963 singulae
1973 1926 2144 1963 personae
2171 1913 2342 1963 agebant,
2379 1925 2421 1949 ex

291 1987 414 2014 earum
439 1974 590 2024 ingeniis
615 1973 788 2011 discerent
812 1980 1025 2024 spectatores
1049 1973 1206 2011 omnium
1242 1973 1317 2010 fere
1351 1974 1524 2010 bonorum
1558 1986 1733 2010 summum
1768 1973 1882 2009 videri
1915 1973 2024 2009 animi
2060 1973 2277 2019 libertatem,
2317 1986 2422 2022 quam

291 2032 583 2082 divinisslegibus
605 2038 740 2069 tantum
775 2033 880 2069 modo
905 2033 1095 2070 obnoxiam
1126 2045 1230 2070 nemo
1264 2045 1420 2081 unquam
1454 2033 1521 2069 sibi
1554 2033 1643 2081 eripi
1678 2038 1737 2068 aut
1772 2032 1932 2068 imminui
1964 2033 2128 2081 patiatur.
2181 2032 2273 2068 Eam
2306 2038 2423 2067 autem

291 2090 401 2129 animi
423 2089 624 2129 libertatem
649 2104 759 2141 quum
784 2091 862 2141 quis
892 2091 960 2129 sibi
984 2104 1127 2129 servare
1153 2091 1403 2129 contumaciter
1425 2091 1579 2139 studeat,
1621 2090 1745 2128 accidit
1770 2103 2042 2141 saepenumero,
2077 2096 2114 2128 ut
2139 2091 2334 2128 temeritate
2359 2102 2424 2127 sua

292 2157 327 2188 et
351 2151 539 2191 insolentia
560 2151 787 2188 vehementer
811 2152 969 2188 offendat
992 2151 1071 2188 illas
1106 2152 1223 2201 leges,
1259 2164 1350 2201 quae
1384 2153 1429 2189 ab
1464 2152 1559 2188 omni
1591 2151 1796 2187 aeternitate
1829 2151 1923 2187 latae
1956 2157 1995 2187 ut
2019 2150 2252 2187 immutabiles
2285 2156 2364 2186 sunt
2388 2156 2424 2186 et

292 2211 429 2258 firmae,
454 2210 505 2248 ita
519 2210 630 2248 iustae
649 2215 684 2248 et
707 2211 881 2261 sapientes
898 2211 1069 2259 videntur,
1096 2211 1223 2261 quibus
1237 2211 1285 2247 ad
1301 2211 1457 2248 omnium
1474 2211 1622 2248 salutem
1646 2211 1812 2248 tuendam
1826 2210 1894 2261 ipsi
1919 2210 1969 2247 dii
1994 2210 2136 2248 obedire
2157 2222 2300 2259 seseque
2318 2209 2424 2246 subii-

293 2282 374 2307 cere
399 2269 605 2317 videantur,
631 2282 792 2319 quaeque
816 2282 888 2308 non
910 2270 986 2308 sine
1010 2270 1166 2307 maximo
1192 2269 1403 2307 detrimento
1428 2271 1690 2320 gubernationis
1715 2270 1836 2306 mundi
1862 2272 1990 2307 mutari
2016 2271 2163 2321 possint,
2199 2269 2264 2305 nisi
2290 2282 2335 2305 ex
2360 2283 2424 2306 sua

292 2331 471 2381 cuiusque
485 2330 660 2380 opinione.
710 2330 783 2377 Qui
808 2330 916 2381 igitur
940 2344 984 2368 83
1007 2337 1124 2368 mente
1149 2336 1219 2378 est,
1254 2331 1284 2367 is
1316 2331 1501 2381 perturbat
1534 2338 1570 2368 et
1594 2331 1785 2381 pervertit,
1820 2338 1988 2381 quantum
2023 2331 2058 2367 in
2083 2343 2120 2367 se
2145 2336 2216 2376 est,
2251 2329 2424 2367 obstinato

293 2391 410 2428 animo
436 2390 595 2433 divinum
619 2390 720 2427 illum
745 2403 867 2429 rerum
891 2390 1066 2438 ordinem,
1098 2390 1133 2426 in
1158 2403 1228 2440 quo
1254 2391 1347 2427 salus
1373 2392 1530 2428 omnium
1555 2392 1668 2440 posita
1694 2398 1762 2437 est,
1796 2404 1934 2440 quoque
1960 2391 2076 2426 omnia
2101 2395 2275 2439 reguntur
2301 2397 2336 2426 et
2360 2403 2423 2438 gu-

292 2450 502 2500 bernantun

392 2509 515 2559 Atque
538 2508 664 2547 eadem
694 2508 770 2546 fere
793 2508 882 2548 ratio
915 2514 968 2546 est
1000 2509 1076 2547 eius
1109 2509 1250 2547 fabulae
1277 2509 1514 2559 Aeschyleae,
1551 2522 1641 2559 quae
1672 2509 1870 2546 inscribitur
1894 2507 2136 2544 Prometheus.
2187 2508 2259 2546 Hic
2285 2522 2425 2558 quoque

292 2567 453 2608 videmus
477 2580 584 2616 eum,
597 2568 659 2618 qui
680 2568 815 2618 primas
836 2568 922 2617 agit,
941 2568 1066 2614 nimio.
1075 2568 1249 2612 libertatis
1272 2569 1387 2606 studio
1413 2568 1556 2605 ductum
1582 2569 1771 2604 admodum
1784 2567 2027 2604 vehementem
2053 2574 2090 2603 et
2113 2580 2184 2603 non
2201 2568 2425 2604 mediocriter

294 2610 467 2675 effi-enata
488 2626 701 2665 illaferocia
721 2633 756 2665 et
780 2627 999 2666 contumacia
1018 2627 1289 2678 superbientem,
1317 2641 1408 2677 quae
1434 2628 1547 2665 inerat
1566 2628 1604 2664 in
1619 2626 1876 2676 terrigenarum
1887 2625 2030 2662 illorum
2049 2626 2235 2675 gigantum
2253 2639 2394 2676 genere,
2404 2627 2426 2675 ¹)

294 2692 331 2725 et
361 2686 430 2731 ad
439 2686 583 2737 virium
600 2699 746 2725 suarum
779 2686 945 2726 fiduciam
985 2693 1146 2724 erectum
1181 2699 1227 2723 ne
1259 2686 1405 2723 summis
1440 2687 1581 2736 quidem
1616 2685 1827 2723 necessitatis
1862 2698 1903 2721 ac
1937 2685 2001 2721 fati
2034 2685 2172 2735 legibus
2203 2698 2241 2723 se
2275 2686 2427 2723 libenter

294 2734 477 2800 subiicere,
482 2745 529 2798 2,)
548 2745 622 2785 8811
635 2746 763 2798 potius.
774 2746 918 2785 1113111111
942 2746 1118 2797 praesidio
1150 2745 1351 2793 insolentius
1376 2758 1414 2783 88
1438 2746 1640 2783 efferentem
1673 2744 1812 2782 licentia
1836 2743 1974 2783 Jovis
1964 2744 2089 2795 ipsius,
2126 2745 2254 2782 summi
2279 2745 2338 2782 dei
2361 2746 2426 2782 im-

293 2807 403 2858 perio
418 2798 595 2859 obsistere
604 2812 647 2845 et
670 2820 882 2858 repugnare.
934 2806 1070 2853 Quodsi
1094 2806 1235 2845 omnino
1259 2812 1401 2857 poetam
1435 2806 1582 2843 dedecet
1606 2817 1662 2843 res
1688 2812 1835 2843 externa
1869 2804 2023 2855 quadam
2054 2805 2257 2843 necessitate
2283 2806 2425 2843 effecus

377 2937 399 2977 ¹)
418 2937 518 2969 Prom.
540 2937 599 2966 205
619 2945 684 2975 sqq,
706 2937 763 2966 34⁷
784 2946 851 2976 sqq.
895 2937 918 2977 ²)
938 2948 966 2968 v.
988 2938 1056 2967 30⁹.
1077 2938 1144 2970 399.
1167 2938 1234 2966 907.
1255 2938 1322 2966 937.
1344 2938 1401 2966 952
1423 2946 1487 2975 usq.
1509 2936 1548 2964 ad
1569 2936 1618 2964 fin.
