2836 3366
1335 207 1397 250 1”1Δ

298 336 464 383 lube-13·-
481 335 609 385 quibus
633 338 741 372 'entim
750 347 871 372 rerum
902 335 1007 372 initia
1027 335 1092 379 ita
1109 333 1368 385 praescriptum
1392 335 1464 371 iam
1497 346 1573 371 esse
1605 333 1810 381 videbatur,
1845 338 1885 369 ut
1911 330 2054 383 Jupiter
2078 341 2145 381 per
2169 329 2320 369 alterum
2353 329 2428 380 ipso

297 394 533 446 pomorum
550 398 709 444 regnum
733 394 953 432 meret.
961 393 1276 443 hqueffupitsr,
1291 393 1386 453 quod
1410 406 1481 431 non
1505 394 1623 430 omnia
1647 393 1809 459 providet
1832 393 1987 437 etnovit,
2013 402 2070 427 res
2086 395 2214 427 autem
2239 391 2429 426 inmo

298 458 460 492 matur
492 452 961 500 dimnmins,Pmn1effioi·
969 450 1126 490 auxilio
1138 451 1238 503 eget,
1272 450 1310 490 u't
1332 452 1439 491 rebus
1464 451 1629 519 cognitis,
1663 450 1755 488 unde
1780 451 1847 501 ipsi
1866 444 2010 488 futurus
2042 455 2119 487 erat
2142 448 2322 497 interitus,
2355 448 2431 489 fata

298 518 387 552 tum
394 512 555 563 deniquo
577 513 695 562 possit
711 512 879 550 flectere.
913 511 1015 549 Non
1021 517 1171 563 poterat·
1179 509 1294 562 {igitur
1318 524 1399 549 cum
1424 512 1485 549 illo
1509 512 1546 548 in
1571 510 1723 561 gratiam
1755 522 1826 547 non
1850 509 1979 546 redire.
2039 507 2158 554 Quum
2182 515 2301 546 autem
2327 510 2431 545 &ntea

298 584 380 612 sne
378 572 553 623 potentia
575 577 615 610 et
645 571 780 610 visibus
804 572 957 611 confisus
987 571 1151 622 Jupner
1148 583 1321 622 κροκιιιε
1352 572 1572 609 tractavisset
1611 570 1854 609 adversarium
1888 581 2005 618 neque
2045 579 2199 618 unquam
2234 562 2431 619 quidquam

300 631 368 670 de
376 631 460 669 inne
480 642 549 668 suo
571 631 809 678 insanisset,
820 636 983 681 poetam·
998 640 1070 667 non
1092 630 1245 667 decebat
1266 636 1389 680 postea
1424 630 1586 667 eumdem
1621 630 1726 666 deum
1760 628 1809 665 ita
1833 628 1986 678 fingere,
2018 633 2059 664 ut
2083 633 2250 678 tanquam
2283 627 2445 664 stolidis

299 704 390 741 puer
413 690 725 729 &Prometheum
747 690 864 737 adiret
887 690 1005 728 delicti
1023 691 1164 728 veniam
1187 688 1251 728 ab
1258 702 1301 728 eo
1321 691 1504 740 petiturus.
1542 690 1668 740 Neque
1688 689 1873 740 quisquam
1898 688 2106 725 infitiabitur
2129 688 2232 725 istam
2256 689 2445 744 rationem=

300 750 419 789 multo<
435 750 540 788 etism
565 750 813 801 indigniorem·
826 750 941 787 fuisse·
958 750 1060 788 Jovis
1084 755 1212 789 ustura
1234 762 1277 787 ac
1300 755 1428 797 mente,
1454 762 1561 800 quam
1586 749 1731 786 nimiam
1757 749 1830 786 eius
1852 748 2095 795 severitatem,
2130 759 2208 797 que·
2221 748 2258 785 in
2282 746 2445 785 Prm'

300 810 423 848 theum
447 815 553 847 antea
579 810 888 856 animadverterat,
915 810 967 847 et
975 809 1141 847 futurum
1157 822 1263 847 sane
1258 809 1395 857 fuisse,
1412 815 1451 846 ut
1475 815 1599 859 poetae
1625 815 1837 858 spectatores
1861 813 2135 853 succenserent,
2157 807 2187 843 si
2211 808 2338 844 mundi
2350 814 2445 844 mo&

302 869 504 906 deratorem
523 869 588 906 its
598 882 638 906 se
662 869 820 910 abiicere
840 876 878 906 et
899 875 1130 938 prosternere
1147 868 1323 917 vidissent,
1348 874 1387 905 ut
1409 868 1469 906 vel
1494 868 1540 905 ad
1566 867 1716 905 humiles
1739 879 1862 918 preces
1885 880 1922 904 se
1948 867 2155 905 demitteret.
2207 860 2431 919 Quamquam

300 935 406 979 turpe
438 930 580 968 omnino
601 935 771 977 nonest,
804 931 834 968 si
857 931 955 978 q'uis
949 931 1125 967 iniuriam
1154 929 1310 966 intulerit
1341 928 1493 975 homini,
1527 929 1628 965 illum
1658 941 1697 965 se
1726 928 1927 976 peccavisse
1952 929 2053 963 fateri
2079 934 2115 963 et
2147 928 2235 964 illud
2261 928 2430 975 Aeschyli

301 988 343 1025 τὸ
372 988 406 1026 δ’
406 984 449 1026 εὖ
475 986 617 1026 νικάτω
643 988 836 1058 plurimum
862 988 957 1040 apud
975 999 1103 1026 omnes
1116 988 1238 1026 valere
1260 985 1419 1036 debebat,
1445 992 1564 1025 tamen
1577 986 1729 1038 Jupiter,
1756 999 1861 1039 quem
1887 985 2037 1024 eundem
2061 992 2168 1038 atque
2181 986 2430 1027 Prometheum

301 1049 366 1087 sed
388 1046 460 1086 alia
483 1049 620 1086 ratione
644 1050 683 1086 in
707 1050 811 1098 culpa
835 1050 941 1086 fuisse
964 1050 1244 1094 monstravimuS,
1270 1061 1341 1084 non
1365 1048 1518 1085 debebat
1550 1050 1661 1084 victus
1685 1061 1828 1084 manum
1853 1048 1940 1084 dare
1965 1048 2186 1094 adversario,
2221 1049 2287 1083 nisi
2314 1047 2369 1084 hic
2393 1060 2432 1085 se

301 1107 426 1160 cnlpae
448 1107 592 1146 affinem
626 1108 736 1146 fuisse
767 1114 806 1146 et
820 1107 1057 1147 intellexisset
1087 1114 1123 1146 et
1154 1108 1329 1147 confessus
1362 1113 1460 1146 esset.
1520 1106 1718 1159 Aeschylus
1751 1106 1859 1158 igitur
1883 1120 1945 1145 suo
1979 1106 2109 1145 iudicio
2143 1119 2225 1145 usus
2257 1120 2333 1145 rem
2357 1113 2430 1146 tam

300 1169 495 1218 prudenter
519 1169 677 1215 institnit,
703 1175 742 1205 ut
763 1170 968 1217 interposito
991 1181 1098 1217 quam
1122 1168 1326 1235 longissimo
1351 1168 1520 1216 temporis
1544 1167 1731 1202 intervallo
1757 1168 1848 1202 inter
1872 1180 1934 1213 ea,
1967 1179 2059 1215 quae
2084 1168 2119 1202 in
2144 1168 2262 1202 vincto
2286 1168 2430 1203 Prome·

300 1227 383 1265 theo
409 1231 622 1275 nawantur,
658 1232 693 1264 et
718 1239 779 1274 ea,
812 1240 905 1277 quae
939 1226 1163 1279 exponuntur
1194 1227 1232 1263 in
1264 1225 1396 1274 soluto,
1434 1226 1651 1276 aptissimam
1676 1226 1895 1263 adversarios
1919 1225 2084 1293 placandi
2114 1225 2432 1276 reconciliandique

302 1289 475 1325 rationem
498 1287 677 1325 invenisse
699 1288 869 1324 videatur.
928 1287 1023 1325 Nam
1048 1300 1097 1325 ex
1119 1299 1190 1337 quo
1214 1293 1374 1336 tempore
1398 1292 1612 1336 spectatores
1646 1299 1716 1323 una
1740 1299 1819 1323 cum
1844 1298 1953 1336 rupe,
1988 1286 2044 1322 cui
2070 1299 2092 1322 a
2117 1286 2279 1323 Vulcano
2303 1286 2431 1323 catenis

301 1347 466 1397 alligauis
490 1348 615 1394 tuerat,
640 1346 892 1384 Prometheum
916 1347 964 1384 ad
988 1347 1120 1385 inferos
1145 1347 1319 1384 deiectum
1334 1346 1507 1392 viderant,
1533 1345 1802 1383 innumerabilia
1826 1346 1903 1383 fere
1929 1346 2041 1383 millia
2054 1359 2225 1383 annorum
2251 1345 2433 1383 effluxisse

301 1412 420 1443 mente
446 1412 482 1443 et
505 1406 724 1456 cogitatione<
740 1406 807 1443 sibi
832 1407 968 1457 fingere
996 1406 1180 1444 debebant.
1213 1403 1284 1443 Tot
1302 1405 1456 1442 millibus
1480 1418 1651 1442 annorum
1672 1405 1871 1456 praeteritis
1895 1405 1941 1442 ad
1967 1417 2113 1456 superos
2137 1418 2294 1444 emersus
2318 1405 2431 1443 denuo

301 1466 534 1504 Prometheus
567 1466 642 1504 dies
667 1472 856 1517 noctesque
889 1467 1088 1505 foedissime
1121 1471 1314 1516 torquetur.
1372 1465 1446 1504 Sed
1470 1466 1708 1502 intercedente
1740 1466 1808 1503 hoc
1833 1466 2001 1515 temporis
2026 1466 2138 1514 spatio
2171 1466 2352 1515 utriusque
2378 1466 2431 1503 ira

302 1525 548 1572 defervescere
573 1525 706 1576 optime
729 1531 875 1575 poterat.
927 1528 984 1563 Ac
1007 1526 1169 1577 profecto
1193 1524 1336 1576 Jupiter
1361 1525 1481 1562 mitior
1505 1524 1646 1562 interim
1666 1525 1939 1575 clementiorque
1964 1526 2074 1562 factus
2099 1531 2161 1572 est,
2188 1526 2282 1576 quod
2299 1524 2432 1563 firmius

301 1586 374 1623 iam
399 1591 494 1623 tenet
518 1598 667 1635 regnum
694 1599 808 1636 neque
842 1586 1027 1636 quisquam
1059 1591 1184 1634 restat,
1219 1586 1284 1623 nisi
1309 1599 1398 1622 unus
1422 1585 1602 1632 inimicus,
1637 1586 1736 1635 isque
1760 1585 1916 1634 ignotus,
1953 1599 2058 1635 quem
2092 1587 2232 1633 timeat,
2266 1587 2432 1636 cuiusque

300 1645 468 1681 invictam
494 1645 698 1681 reformidet
720 1646 921 1695 p‘otentiam.
975 1646 1049 1684 Sed
1074 1659 1182 1695 quum
1208 1646 1426 1694 Aeschylum
1450 1657 1530 1681 eum
1557 1645 1663 1681 fuisse
1688 1646 1966 1694 cognoverimus,
1994 1645 2055 1694 qui
2076 1645 2215 1694 singula
2241 1659 2261 1682 e
2286 1645 2431 1695 singulis

302 1704 419 1741 enasci
444 1704 671 1751 contenderit,
698 1710 736 1741 ut
761 1705 916 1741 omnium
941 1718 1060 1742 rerum
1085 1710 1256 1755 perpetua
1282 1710 1371 1741 esset
1396 1711 1430 1740 et
1455 1704 1553 1753 quasi
1579 1705 1792 1753 sempiterna
1809 1704 2020 1751 vicissitudo,
2049 1704 2170 1741 πάντα
2197 1704 2278 1753 ῥεῖ,
2313 1712 2347 1742 et
2373 1706 2431 1754 qui

300 1762 485 1813 paullatim
518 1763 662 1800 demum
697 1770 731 1800 et
764 1764 923 1801 ordinem
958 1770 992 1801 et
1024 1764 1195 1801 rationem
1221 1764 1387 1812 legesque
1420 1763 1456 1799 in
1483 1776 1602 1800 rerum
1636 1770 1762 1799 natura
1796 1764 1967 1800 exstitisse
2001 1764 2210 1800 crediderit:
2250 1778 2337 1814 quas
2370 1764 2430 1801 ille

302 1822 418 1859 animo
444 1823 488 1859 de
513 1822 580 1859 diis
605 1828 640 1859 et
663 1823 767 1859 rebus
792 1823 918 1859 divinis
942 1823 1133 1873 mundique
1157 1823 1397 1860 moderatione
1422 1822 1670 1859 informaverat
1688 1823 1846 1860 notiones
1870 1823 1915 1859 ad
1941 1830 2095 1860 nostram
2112 1825 2285 1861 rationem
2310 1824 2428 1861 melio-

301 1895 449 1933 remque
473 1883 566 1920 hanc
591 1882 858 1933 intelligentiam
884 1896 1053 1921 revocare
1077 1896 1148 1921 non
1174 1883 1352 1920 debemus,
1404 1882 1528 1929 Quare
1553 1883 1582 1919 si
1608 1883 1674 1919 sibi
1699 1883 1893 1920 consentire
1924 1884 2075 1920 voluerit
2100 1892 2224 1934 poeta,
2260 1898 2305 1922 ne
2328 1884 2429 1923 ,Iovis

301 1942 445 1991 quidem
469 1955 677 1992 personam,
702 1948 741 1979 ut
765 1944 908 1992 opinor,
933 1944 1011 1992 ipsa
1044 1943 1250 1980 auctoritate
1282 1955 1345 1978 sua
1377 1942 1447 1978 illis
1477 1943 1690 1978 necessitatis
1723 1942 1861 1992 legibus
1895 1943 2043 1980 solutam
2078 1944 2249 1996 exhibere
2281 1951 2427 1994 poterat,

301 2014 392 2051 quae
417 2002 462 2039 ab
489 2002 583 2039 omni
608 2002 814 2039 aeternitate
836 2003 981 2040 fluentes
1006 2002 1167 2040 omnibus
1192 2008 1227 2039 et
1250 2001 1396 2051 singulis
1421 2002 1580 2052 quamvis
1605 2002 1775 2039 obscurae
1800 2003 2039 2053 praescriptae
2064 2010 2188 2040 essent.
2226 2004 2307 2055 Ipse
2323 2004 2429 2054 igitur

300 2060 466 2111 Jupitur,
500 2074 593 2112 quae
627 2068 679 2099 est
703 2062 821 2112 opinio
854 2069 996 2112 poetae,
1036 2062 1103 2100 nisi
1136 2061 1313 2112 gradatim
1349 2061 1395 2098 ad
1426 2075 1563 2099 summa
1597 2062 1761 2112 omnique
1791 2075 1924 2112 genere
1958 2063 2112 2113 perfecta
2146 2063 2329 2113 pervenire
2360 2077 2428 2101 non

300 2127 449 2170 poterat,
481 2127 516 2159 et
539 2122 742 2171 longissimo
768 2122 910 2159 tandem
935 2122 1122 2159 intervallo
1148 2123 1278 2158 tactum
1304 2128 1373 2169 est,
1406 2128 1444 2158 ut
1469 2135 1505 2158 se
1529 2122 1604 2171 ipse
1638 2122 1831 2168 excoleret,
1865 2124 1936 2160 suis
1961 2123 2176 2160 adolesceret
2208 2125 2429 2160 incrementis

301 2186 337 2216 et
360 2181 539 2217 absolutus
564 2182 795 2230 omnibusque
820 2181 926 2217 rehus
951 2182 1125 2231 perfectus
1151 2180 1334 2227 evaderet,
1361 2181 1475 2229 qualis
1501 2186 1623 2231 postea
1655 2180 1762 2231 vulgo
1789 2181 1968 2218 colebatur
2001 2195 2043 2219 ac
2068 2189 2249 2232 poetarum
2275 2183 2429 2219 maxime

300 2239 514 2277 carminibus
539 2239 795 2278 celebrabatur.
847 2241 940 2279 Tum
966 2240 1118 2291 denique
1143 2253 1298 2277 summus
1322 2240 1382 2277 ille
1408 2240 1493 2277 deus
1519 2247 1580 2288 est,
1606 2247 1708 2291 pater
1733 2241 1879 2278 deorum
1905 2242 2165 2292 hominumque,
2191 2255 2295 2292 quem
2321 2242 2429 2280 hono-

299 2299 407 2336 rificis
431 2301 695 2349 cognominibus
719 2301 955 2351 appellabant,
980 2313 1155 2351 quemque
1170 2300 1334 2350 precibus
1359 2305 1393 2337 et
1413 2300 1592 2337 sacrificiis
1615 2300 1757 2350 publice
1778 2301 2014 2352 privatimque
2039 2303 2305 2340 venerabantur.
2338 2301 2428 2340 Ideo

300 2373 490 2409 progressu
513 2361 683 2411 temporis
707 2361 858 2398 stabilito
893 2374 935 2398 ac
958 2361 1164 2397 confirmato
1188 2373 1299 2409 regno
1331 2374 1440 2409 quum
1464 2361 1608 2397 Titanes
1642 2367 1779 2397 veteres
1811 2363 1950 2411 imperii
1983 2363 2138 2399 inimicos
2162 2363 2334 2398 timendos
2359 2376 2429 2398 non

300 2419 451 2468 amplius
475 2432 551 2456 esse
575 2420 729 2467 sentiret,
755 2420 904 2457 vinculis
929 2420 1050 2457 solutis
1083 2419 1214 2456 amicos
1238 2419 1355 2456 reddit
1386 2433 1469 2456 suae
1503 2419 1748 2468 dominationi,
1783 2422 1897 2458 ordini
1922 2422 2135 2472 legibusque.
2187 2421 2281 2459 Tum
2306 2422 2430 2458 imma-

299 2479 402 2516 nibus
427 2479 503 2516 fere
527 2479 669 2517 illorum
695 2480 829 2517 viribus
863 2480 1003 2517 domitis
1034 2493 1144 2529 quum
1169 2493 1307 2516 summa
1340 2480 1469 2529 ubique
1495 2487 1584 2517 esset
1617 2488 1652 2517 et
1676 2482 1772 2530 pacis
1803 2489 1837 2518 et
1862 2483 1922 2518 otii
1948 2482 2196 2531 tranquillitas,
2229 2483 2265 2517 in
2291 2494 2429 2518 summo

300 2538 372 2573 iam
398 2538 533 2574 honore
558 2538 682 2575 haberi
706 2545 868 2589 poterant
892 2539 1021 2575 veritas
1046 2545 1081 2575 et
1105 2539 1289 2586 honestas,
1316 2539 1428 2576 animi
1452 2540 1633 2577 sinceritas
1659 2548 1693 2577 et
1718 2541 1828 2591 pietas
1853 2553 1938 2591 erga
1963 2541 2056 2578 deos.
2109 2541 2285 2578 Aeternas
2310 2546 2429 2579 autem

298 2596 415 2647 leges,
450 2598 487 2635 in
512 2599 640 2648 quibus
664 2611 784 2635 rerum
809 2599 896 2635 ordo
921 2598 1093 2646 consistit,
1119 2612 1237 2635 secum
1262 2600 1361 2648 quasi
1393 2600 1575 2637 coniunxit
1598 2600 1741 2651 Jupiter
1774 2606 1808 2637 et
1832 2601 1878 2637 ad
1912 2613 2031 2637 earum
2063 2614 2223 2638 normam
2257 2602 2430 2639 mundum

298 2657 392 2706 regit
416 2670 478 2694 suo
501 2657 643 2694 numine
668 2664 747 2694 eum
773 2658 902 2694 iustitia
927 2663 962 2694 et
985 2658 1165 2707 sapientia.
1181 2658 1206 2706 ¹)
1264 2657 1382 2694 Etiam
1406 2659 1602 2696 Parcarum
1626 2660 1782 2710 potentia
1813 2660 1860 2695 ita
1885 2660 1995 2696 fracta
2028 2667 2062 2696 et
2088 2660 2273 2698 imminuta
2298 2667 2360 2709 est,
2387 2667 2426 2698 ut

299 2728 423 2754 earum
447 2717 520 2754 iam
545 2717 748 2755 muneribus
773 2717 810 2754 in
835 2716 1111 2755 administrando
1136 2716 1267 2755 mundo
1291 2716 1434 2768 Jupiter
1459 2720 1534 2770 ipse
1557 2719 1656 2769 fungi
1678 2719 1848 2757 videatur.
1860 2720 1890 2769 2)
1936 2719 1993 2757 Ita
2018 2720 2107 2757 nihil
2132 2722 2199 2771 ipsi
2225 2721 2340 2768 deest,
2365 2721 2430 2758 nisi

298 2782 338 2813 ut
361 2776 486 2824 discat,
512 2777 688 2827 quomodo
711 2777 855 2814 fatalem
879 2777 1119 2814 necessitatem
1151 2777 1306 2826 effugiat.
1365 2779 1483 2816 Probe
1517 2779 1609 2816 enim
1642 2780 1706 2815 scit
1730 2779 1885 2816 futurum
1911 2792 1984 2817 esse
2012 2780 2206 2830 quendam,
2242 2781 2301 2832 qui
2326 2781 2429 2819 certis

299 2835 555 2874 conditionibus
580 2836 854 2874 dominationem
878 2836 944 2874 sibi
968 2837 1077 2887 possit
1101 2842 1322 2886 extorquere,
1350 2852 1433 2875 nam
1458 2839 1529 2876 fato
1553 2840 1602 2875 ita
1626 2839 1763 2876 finitum
1788 2852 1861 2877 esse
1886 2841 2061 2889 cognovit.

378 2966 402 3006 ι)
422 2966 528 3005 Suppl.
547 2968 606 2996 403
627 2977 691 3005 sqq.
714 2968 771 2996 524
792 2976 856 3004 sqq.
898 2966 921 3005 ²)
942 2966 1049 3004 Suppl.
1070 2968 1127 2995 672
1150 2976 1214 3004 sqq.
