2836 3366
1501 208 1525 250 8

437 332 544 368 simul
569 333 741 370 memoria
762 334 993 383 pristinorum
1016 331 1193 378 deorum,
1201 332 1262 381 qui
1286 332 1408 381 paullo
1433 339 1526 369 ante
1537 332 1665 371 mundi
1674 332 1918 372 moderamen
1929 333 2092 381 mering·-
2097 327 2366 374 offitenretur.
2381 335 2444 393 ¹)·'
2448 333 2583 387 Aque

437 389 521 427 huic
546 390 690 429 consilio
714 391 898 429 hominum
932 403 1046 442 genus
1069 389 1231 436 delendi,
1267 396 1306 427 ut
1335 390 1420 428 novi
1453 391 1571 441 iique
1582 391 1754 429 meliores-
1781 390 1943 429 humes
1973 396 2029 429 et
2039 392 2110 431 ad
2114 383 2413 461 ‘mismgffiffl··
2293 389 2583 491 mmm

438 456 663 496 crearentur,
699 458 738 488 ut
763 465 843 488 cum
868 464 960 487 novo
983 462 1117 500 genere
1140 451 1243 498 quasi
1272 460 1387 486 novus
1410 451 1568 499 quidam
1590 450 1680 488 ordo
1706 456 1748 488 et·
1778 444 1830 487 in
1844 457 1962 488 *erra
1969 456 2010 488 et
2039 453 2087 489 in
2101 453 2299 490 1ιιιιίθέτιικ’

439 509 623 547 exsisteret
659 515 695 548 et
722 510 853 561 ubique
879 510 973 561 quod
1000 510 1150 557 bonum,
1177 509 1273 559 quod
1297 508 1504 560 pulchrum,
1540 509 1650 560 quod·
1660 516 1787 548 verum
1820 515 1913 548 esset
1932 502 2135 560 coleretur,
2164 513 2312 566 praeve?
2322 500 2583 551 Promotum

437 570 619 606 obstiterat
644 570 792 607 deorum
815 583 932 607 nemo.
982 570 1021 606 Is
1047 570 1141 607 enim
1166 568 1326 607 homines
1351 571 1396 607 ab
1421 570 1564 608 interitu
1588 570 1804 608 vindicavit.
1841 569 1951 616 Quod
1973 561 2059 622 qua
2067 572 2207 609 ratione
2224 572 2412 617 effluit*
2420 562 2498 609 etz
2496 570 2583 622 ip‘so

433 629 582 679 quidem
605 636 712 698 poeta
736 643 806 668 non
832 630 1070 680 cognoscitur,
1105 629 1167 667 sed
1193 629 1296 666 aliter
1329 643 1371 666 ac
1394 630 1575 680 precibus
1591 642 1672 668 eum
1706 630 1795 668 illud
1829 642 1852 667 a
1875 629 1971 669 Jove
1990 628 2235 682 impetravisse
2259 631 2498 670 credendqu
2510 643 2583 669 non

438 695 508 735 est,
544 702 627 725 nam
654 691 689 725 vi
714 697 750 726 et
773 690 943 726 violentia
968 689 1029 726 ille
1053 689 1198 747 quidem
1225 689 1355 726 Jovem
1375 702 1568 739 numquam
1582 686 1809 740 impulisset,
1834 695 1885 726 ut
1899 689 2059 727 homines
2084 690 2166 727 sibi
2175 691 2321 728 invisos
2328 689 2412 729 ‘ills'
2417 691 2463 743 *in
2486 695 2584 727 terra

436 748 589 798 amplius
616 749 776 787 habitare
809 748 1074 800 incolumesque
1108 761 1184 786 esse
1217 748 1358 787 sineret.
1416 749 1595 795 Quoniam
1627 762 1713 787 vero
1747 750 1785 786 in
1814 750 1927 788 atroei
1949 748 2161 797 θέτωιιιίιιέ,
2195 749 2238 787 in
2257 750 2389 800 quod?
2406 755 2458 788 ut
2461 759 2582 801 “regno

436 808 629 858 potiretur,
656 809 798 859 Jupiter
824 821 905 846 cum
930 807 1118 846 Titanibus
1144 809 1393 856 descenderat,
1424 809 1630 846 Promethei
1654 809 1874 859 potissimum
1899 820 2009 859 opera
2028 813 2066 846 'et
2090 809 2324 861 prudentibus
2346 810 2497 848 consiiiis
2520 809 2582 846 ad-

435 868 613 906 versarios
637 870 773 906 feroces
797 881 869 906 non
894 870 970 906 sine
1003 882 1134 919 magna
1160 869 1379 906 contentione
1405 875 1653 920 superaverat,
1688 882 1726 907 se
1751 869 1836 917 mi,
1847 881 1964 920 quem
1995 869 2047 906 in
2066 876 2219 907 'summo
2237 871 2357 907 'remm
2382 868 2584 922 discrimine

436 928 590 965 amicum
624 928 818 978 sapientem
853 928 1068 979 fidelemque
1102 929 1237 965 socium
1271 934 1438 979 expertus
1475 935 1582 975 esset,
1617 928 1766 978 depulso
1798 925 1957 979 periculo
1990 933 2133 978 gratum
2164 919 2342 979 praebere
2374 929 2517 967 velebat
2548 936 2584 966 et

436 987 597 1024 beneficii
622 989 758 1037 accepti
784 995 821 1024 et
843 988 1053 1025 meritorum
1078 988 1152 1024 eius
1177 1000 1382 1024 memorem.
1433 988 1605 1025 Precibus
1630 988 1739 1037 igitur
1762 991 1880 1025 motus
1902 1001 1973 1024 non
1998 988 2038 1025 vi
2047 992 2201 1025 coaetus
2214 980 2359 1037 Jupiter
2383 979 2583 1026 hominibus

435 1053 655 1097 pepercerat.
684 1047 826 1086 Servati
851 1048 959 1097 igitur
971 1054 1074 1085 erant
1087 1054 1124 1085 et
1140 1061 1234 1084 mors
1257 1048 1292 1084 in
1313 1060 1482 1098 praesens
1499 1048 1702 1098 propulsata
1719 1048 1792 1085 ab
1781 1048 1835 1095 iis,
1861 1055 1969 1097 quum
1983 1053 2101 1084 autem
2114 1047 2282 1085 omnibus
2277 1053 2455 1086 carerent
2463 1048 2582 1096 rebus,

427 1106 563 1155 quibus
587 1119 664 1143 sese
688 1108 795 1143 tutari
807 1113 949 1156 possent
974 1113 1009 1144 et
1034 1107 1223 1144 defendere
1242 1120 1265 1143 a
1289 1107 1463 1156 periculis,
1491 1119 1582 1156 quae
1599 1107 1806 1144 morborum
1821 1106 2045 1143 multitudine
2060 1112 2095 1143 et
2110 1097 2414 1144 incommodorum
2428 1115 2475 1145 ‘et
2487 1109 2583 1145 omni

434 1178 568 1214 genere
593 1165 769 1203 malorum
795 1166 1014 1203 extrinsecus
1037 1166 1287 1214 imminebant,
1322 1179 1366 1203 ne
1400 1166 1522 1204 vivere
1548 1166 1692 1216 quidem
1718 1165 1779 1203 diu
1803 1165 2015 1217 potuissent,
2050 1171 2166 1217 neque
2191 1165 2289 1204 alind
2303 1166 2511 1217 'quidquam
2538 1167 2583 1204 iis

436 1225 618 1274 parcendo
643 1226 868 1262 concessisset
893 1225 1053 1275 Jupiter,
1089 1226 1153 1262 nisi
1181 1227 1289 1263 breve
1314 1226 1493 1276 quoddam
1527 1226 1696 1276 temporis
1720 1226 1890 1276 spatium,
1925 1238 1996 1276 quo
2018 1224 2270 1276 progrediente
2298 1225 2385 1277 ipsi·
2399 1226 2584 1277 paullatim

435 1284 482 1321 ad
507 1285 687 1321 interitum
713 1285 839 1322 ruituri
865 1291 989 1322 essent.
1041 1285 1134 1322 Tum
1161 1285 1305 1322 demum
1331 1291 1449 1322 vetere
1475 1286 1629 1323 extincto
1654 1297 1791 1323 novum·
1810 1285 1899 1322 inud
1915 1285 2096 1322 hominum
2120 1298 2233 1335 genus
2256 1285 2580 1335 erat'proditurum.

434 1345 556 1394 Atque
580 1344 773 1394 prudentes
792 1344 901 1381 ›Jovis
926 1345 1079 1381 rationes
1109 1345 1354 1395 perfringebat
1378 1345 1623 1382 Prometheus.
1675 1346 1792 1395 Rapto
1817 1345 1913 1381 enim
1938 1345 2021 1395 igne
2054 1344 2206 1394 datoque
2238 1344 2438 1382 hominibus
2461 1357 2583 1382 omnes

436 1417 496 1441 eos
522 1404 672 1442 docebat
696 1411 807 1452 artes,
834 1405 963 1455 quibus
988 1397 1124 1442 mederi
1149 1406 1301 1451 morbis,
1338 1405 1456 1442 omnia
1489 1405 1584 1442 mala
1609 1418 1796 1443 removere
1821 1412 1857 1442 et
1880 1406 1948 1442 hac
1972 1405 2107 1443 ratione
2132 1405 2242 1442 vitam
2275 1417 2347 1442 non
2363 1404 2478 1443 'modo
2510 1417 2583 1442 sus-

434 1469 581 1510 tentare,
609 1464 671 1501 sed
696 1464 938 1514 pulchriorem
963 1464 1239 1514 hilarioremque
1263 1464 1416 1501 reddere
1429 1471 1579 1515 possent.
1595 1465 1626 1513 2)
1678 1464 1760 1518 Hoc
1784 1457 1904 1502 autem
1929 1464 2009 1502 loco
2032 1464 2170 1502 silentio
2196 1462 2495 1515 praetereundmn
2511 1476 2582 1501 non

435 1530 488 1560 est
519 1524 615 1560 viros
640 1524 812 1574 quosdam
838 1524 874 1560 in
909 1536 1032 1561 errore
1057 1524 1192 1561 versari
1218 1523 1307 1560 mihi
1333 1524 1466 1571 videri,
1502 1525 1563 1573 qui
1588 1524 1841 1561 Prometheum
1873 1524 1963 1561 nibil
1989 1524 2148 1561 docuisse
2172 1524 2332 1561 homines
2366 1523 2486 1561 dicant
2515 1523 2582 1561 nisi

436 1589 530 1619 artes
554 1583 770 1633 perniciosas
796 1590 832 1620 et
857 1583 1075 1630 exitiabiles,
1115 1584 1241 1633 quibus
1266 1583 1415 1632 coguitis
1440 1584 1663 1621 violentiores
1688 1583 1883 1621 evaderent
1904 1584 1997 1621 inter
2019 1596 2057 1620 se
2082 1589 2118 1620 et
2141 1584 2287 1621 deorum
2312 1588 2580 1633 contemptores.

436 1643 520 1692 Ipse
545 1648 664 1680 autem
688 1649 794 1692 poeta
819 1644 856 1680 in
882 1643 1067 1693 tragoedia
1091 1642 1198 1692 plane
1224 1643 1440 1680 demonstrat
1474 1643 1633 1680 homines
1658 1643 1707 1680 ita
1731 1655 1754 1680 a
1778 1643 1996 1680 Prometheo
2018 1654 2095 1680 esse
2118 1643 2309 1690 institutos,
2343 1649 2383 1680 ut
2405 1642 2581 1681 discerent

436 1714 527 1751 quae
551 1708 659 1751 grata
683 1702 751 1737 diis
776 1709 892 1738 essent
915 1702 1106 1745 sacrificia,
1142 1715 1234 1751 quae
1258 1703 1415 1751 ingrata,
1433 1704 1463 1750 ³)
1497 1709 1530 1739 et
1556 1702 1854 1752 quemadmodum
1886 1702 1955 1739 coli
1980 1702 2027 1739 ab
2053 1702 2254 1740 hominibus
2279 1708 2314 1739 et
2329 1702 2506 1739 vhonorari
2530 1702 2581 1738 dii

434 1762 576 1798 vellent.
633 1762 717 1808 Qua
742 1775 782 1798 re
808 1762 890 1798 satis
916 1762 1003 1797 mihi
1028 1762 1169 1798 videtur
1200 1763 1467 1811 comprobatum
1494 1774 1569 1798 esse
1602 1762 1684 1810 igne
1709 1762 1838 1798 tradito
1865 1767 1900 1798 et
1923 1775 1989 1798 usu
2014 1762 2090 1799 eius
2115 1762 2255 1812 cognito
2278 1755 2493 1811 artibusque
2518 1774 2580 1798 ex·

434 1820 547 1867 cultis,
574 1832 662 1870 quas
687 1820 857 1857 docuerat
882 1821 1131 1866 Prometheus,
1158 1820 1237 1856 illos
1262 1833 1332 1857 non
1359 1820 1550 1857 admodum
1574 1821 1762 1858 sceleratos
1788 1821 1908 1858 statim
1931 1820 1987 1856 his
2012 1821 2118 1858 rebus
2142 1821 2253 1857 factos
2278 1831 2354 1857 esse
2380 1826 2415 1857 et
2440 1821 2577 1869 impios,

435 1880 531 1930 quod
555 1881 585 1917 si
609 1880 659 1917 ita
683 1880 806 1918 fuisset
829 1880 917 1917 nihil
944 1894 1003 1918 eos
1028 1894 1085 1917 res
1111 1881 1249 1918 divinas
1273 1887 1455 1918 curaturos
1480 1881 1585 1918 fuisse
1610 1881 1773 1918 arbitror.
1825 1881 1991 1930 Namque
2016 1880 2187 1918 homines
2201 1893 2226 1917 av
2239 1881 2454 1918 Prometheo
2479 1880 2577 1917 insti-

432 1946 527 1977 tutos
551 1946 586 1977 et
610 1940 818 1976 informatos
842 1939 951 1977 fuisse
976 1940 1101 1976 eodem
1128 1952 1215 1989 erga
1241 1940 1370 1976 Jovem
1397 1940 1526 1986 animo,
1553 1953 1623 1989 quo
1640 1939 1876 1976 Prometheus
1901 1945 1991 1976 esset
2015 1939 2050 1975 h.
2077 1951 2108 1976 e.
2135 1939 2346 1977 exacerbato
2372 1946 2407 1976 et
2431 1939 2578 1986 infenso,

440 2006 499 2044 „ut
523 2012 593 2036 nou
618 2006 777 2036 amantes
801 1998 949 2045 Jovem,
986 2012 1056 2036 non
1090 2005 1298 2036 venerantes
1332 2012 1411 2035 cum
1438 2000 1587 2049 pietate,
1621 1999 1683 2036 sed
1719 1999 1949 2036 abhorrentes
1982 1999 2112 2048 potius³
2131 2004 2200 2035 aut
2222 1998 2453 2036 formidantes
2482 2004 2579 2036 metu

434 2059 556 2096 servili
590 2058 635 2096 ad
662 2071 742 2096 eum
769 2065 938 2108 tanquam
962 2058 1178 2096 malevolum
1204 2058 1374 2108 bonisque
1401 2058 1583 2095 hominum
1609 2058 1825 2096 invidentem
1850 2058 2007 2106 adirent,
2034 2057 2383 2109 cuius-³asperitatem
2409 2059 2444 2095 e't
2467 2057 2579 2095 saevi-

432 2120 518 2155 tiam
544 2118 651 2155 anxie
675 2119 841 2168 precibus
864 2124 899 2155 et
923 2118 1102 2155 sacrificiis
1128 2119 1271 2168 placare
1293 2122 1547 2164 conarentur‚“
1582 2119 1618 2154 id
1645 2118 1732 2154 mihi
1755 2131 1828 2155 non
1861 2118 2002 2154 videtur
2034 2118 2101 2154 nisi
2130 2119 2173 2154 in
2198 2118 2399 2154 conicetura
2424 2118 2578 2167 positum

433 2191 519 2225 esse,
546 2191 656 2228 quum
681 2177 727 2215 ab
754 2178 853 2214 initio
879 2177 1112 2215 Prometheus
1137 2178 1270 2214 amicus
1297 2184 1388 2214 esset
1414 2177 1508 2224 Jovi,
1536 2191 1652 2227 neque
1678 2190 1724 2214 ex
1748 2177 1823 2228 ipsa
1838 2170 2034 2227 Ttragoedia
2059 2176 2253 2228 quidquam
2277 2177 2387 2228 possit
2409 2177 2576 2229 proferri,

433 2250 503 2288 quo
529 2238 673 2287 quidem
698 2237 760 2273 illa
785 2249 842 2273 res
867 2237 1036 2274 firmetur.
1090 2238 1216 2287 Neque
1242 2236 1357 2273 minor
1391 2237 1479 2272 mihi
1513 2237 1655 2273 videtur
1679 2237 1741 2274 ille
1766 2241 1886 2283 error,
1921 2237 1957 2273 in
1980 2249 2087 2286 quem
2112 2236 2311 2281 inciderunt
2335 2237 2405 2272 viri
2426 2235 2576 2287 ⁴‘quidam

433 2297 658 2334 eruditissimi
684 2303 719 2333 et
743 2296 797 2333 illi
822 2296 965 2346 quidem
991 2302 1138 2346 propter
1168 2295 1331 2333 subtilem
1358 2296 1573 2345 antiquitatis
1606 2297 1787 2333 scientiam
1821 2296 1964 2347 plurimi
1990 2295 2153 2333 faciendi.
2203 2296 2465 2333 Prometheum>
2482 2296 2576 2333 enim

431 2356 632 2407 significare
657 2355 780 2393 volunt
805 2357 905 2405 quasi
930 2356 1134 2406 exemplum
1159 2355 1339 2406 quoddam
1364 2362 1512 2393 naturae
1537 2356 1714 2393 humanae
1743 2361 1779 2393 et
1802 2356 1839 2392 in
1865 2355 1939 2393 eius
1963 2367 2117 2405 persona
2141 2361 2282 2406 poetam
2306 2355 2513 2406 symbolice,
2539 2364 2577 2392 ut

431 2418 482 2453 ita
507 2416 636 2462 dicam,
662 2415 857 2465 depingere
882 2415 1043 2462 voluisse,
1070 2421 1203 2465 quanta
1227 2426 1366 2451 morum
1392 2415 1581 2465 asperitate
1605 2415 1916 2465 immanitateque,
1942 2421 2074 2465 quanta
2098 2416 2319 2466 contumacia
2340 2421 2446 2465 atq'ue
2472 2415 2575 2452 effre-

431 2483 515 2515 nata
539 2476 748 2528 pertinacia,
774 2474 928 2526 denique
953 2488 1061 2526 quam
1085 2474 1263 2512 indomitis
1288 2475 1396 2512 animi
1422 2475 1670 2526 cupiditatibus
1692 2475 1798 2527 prisci
1822 2474 1877 2513 ini
1902 2475 2060 2513 homines
2076 2475 2232 2524 fuissent,
2259 2474 2320 2526 qui
2345 2475 2417 2512 suis
2442 2474 2576 2513 viribus

428 2548 566 2576 temere
592 2537 714 2575 confisi
736 2543 858 2573 contra
884 2536 983 2586 leges
1006 2541 1155 2573 naturae
1180 2548 1261 2572 cum
1283 2535 1351 2572 diis
1375 2536 1459 2585 ipsis
1477 2541 1656 2573 certamen
1680 2536 1771 2574 inire
1795 2548 1867 2573 non
1891 2536 2153 2573 dubitavissent.
2163 2537 2194 2584 ⁴)
2254 2536 2339 2582 Quo
2363 2535 2452 2572 mihi
2486 2535 2576 2573 nihil

429 2598 545 2648 magis
570 2598 617 2635 ab
643 2610 686 2635 ea
710 2596 881 2634 sententia
906 2596 1101 2633 abhorrere
1113 2595 1263 2642 videtur,
1291 2608 1399 2645 quam
1424 2601 1529 2646 poeta
1553 2595 1695 2633 volebat
1708 2596 1920 2647 exprimere.
1972 2595 2208 2650 Prometheus
2235 2596 2341 2643 enim,
2360 2595 2428 2645 ‚qui
2440 2596 2575 2646 primas

430 2659 469 2695 in
493 2657 678 2708 tragoedia
702 2657 795 2707 agit,
823 2669 893 2694 non
919 2663 971 2692 est
995 2656 1102 2692 homo
1129 2655 1188 2692 vel
1213 2654 1417 2706 exemplum
1443 2655 1621 2706 quoddam
1647 2656 1798 2693 hominis
1821 2661 1882 2693 aut
1907 2657 2048 2705 generis
2073 2655 2238 2702 humani,
2263 2655 2327 2692 sed
2353 2655 2459 2703 deus,
2475 2655 2505 2704 ³)
2540 2661 2576 2692 et

430 2718 511 2755 talis
536 2730 645 2767 quum
668 2718 731 2764 sit,
768 2730 847 2754 cum
874 2715 987 2753 altero
1014 2716 1081 2753 deo
1107 2722 1237 2762 certat,
1273 2730 1294 2752 a
1327 2728 1398 2765 quo
1423 2715 1477 2752 ius
1510 2728 1612 2753 suum
1638 2715 1806 2753 violatum
1841 2721 1876 2753 et
1907 2715 2042 2753 laesum
2077 2728 2153 2753 esse
2184 2715 2370 2753 existimet.
2421 2714 2575 2753 Inferior

429 2777 574 2829 quidem
600 2777 748 2814 discedit
773 2789 820 2813 ex
845 2775 907 2813 illo
931 2776 1140 2823 certamine,
1174 2775 1269 2825 quod
1295 2788 1375 2811 suas
1401 2776 1493 2813 vires
1517 2789 1688 2826 suamque
1714 2775 1921 2826 sapientiam
1946 2775 2061 2825 plurIs
2084 2775 2246 2812 aestimat
2270 2780 2306 2812 et
2330 2774 2514 2812 iracundia
2539 2780 2575 2811 et

509 2917 533 2955 ι)
554 2917 653 2948 Prom.
680 2918 736 2945 547
764 2926 829 2954 sqq.
878 2917 900 2955 ²)
921 2917 1020 2948 Prom.
1048 2917 1106 2945 482
1135 2925 1199 2953 sqq.
1249 2917 1271 2954 ³)
1290 2916 1390 2944 Prom.
1418 2917 1476 2945 493
1506 2926 1570 2954 sqq.
1611 2919 1634 2954 ⁴)
1655 2917 1791 2953 Droysen
1820 2915 1969 2946 Prometh.
1996 2924 2066 2953 pag.
2096 2916 2164 2945 210.
2205 2914 2379 2953 Doellinger
2407 2913 2571 2956 Heidenth.

427 2974 457 2993 u.
478 2966 623 2996 Judenth.
645 2975 673 3003 p.
696 2967 762 2997 2⁷0,
806 2967 828 3004 ⁵)
850 2966 948 2994 Prom.
970 2966 1017 2994 92.
1041 2966 1107 2993 119.
2212 2987 2214 2989 .
