2836 3366
1473 196 1498 238 6

410 326 445 357 et
468 324 636 371 temporis
660 320 906 372 complexione
929 322 1045 372 potius
1076 334 1184 372 quam
1209 334 1395 359 causarum
1420 321 1512 358 serie
1536 319 1765 359 cohaerentes
1789 311 1908 359 faeere
1932 323 1989 369 et,'
2004 332 2114 372 quum
2138 321 2384 373 philosophiae
2407 320 2557 373 muneri,

412 386 451 416 ut
485 380 533 416 uit
557 379 785 427 Aristoteles,
802 382 828 430 ¹)
862 394 970 431 quam
995 381 1163 418 historiae
1196 380 1344 432 propior
1368 381 1413 417 sit
1436 387 1563 430 poeta,
1598 379 1666 417 hoc
1690 385 1801 430 figere
1824 378 1953 429 debetg'
1967 381 2557 433 ut'osmeafibniaeactionisq'ne

411 446 530 490 putes
555 445 638 489 apte
662 439 756 477 inter
780 452 818 477 se
835 446 1031 490 congruant
1055 446 1091 477 et
1114 446 1226 477 totum
1237 440 1411 489 quiddam
1436 439 1611 477 efficiant:
1638 438 1749 477 multo
1768 439 1876 477 etiam
1899 440 2015 490 magis
2038 439 2109 477 hoo
2120 437 2315 493 dedecebat
2327 441 2560 493 Aeschjvlum',

412 500 472 549 qui
498 510 570 548 qua
594 504 672 536 erat
696 499 867 537 adversus
896 500 981 537 deos
1006 500 1137 550 pietate
1169 513 1229 546 ea,
1265 511 1357 549 quae
1383 499 1440 536 vel
1473 499 1550 549 ipse
1574 499 1612 535 in
1646 492 1861 536 carminibus
1893 499 1968 536 suis
1988 499 2093 549 fingit
2117 499 2174 537 vel
2208 500 2401 538 uttradita
2424 499 2558 549 narrat,

411 559 459 595 ita
483 558 574 594 inter
599 571 638 595 se
663 558 828 608 colligat,
866 566 904 596 ut
938 559 984 595 ad
1010 560 1082 595 vim
1116 559 1270 608 aliquam
1296 559 1503 604 coelestem,
1539 570 1633 608 qnae
1656 570 1716 595 res
1747 551 1925 608 aequitate
1958 557 2073 608 potius
2103 566 2147 595 ac
2169 559 2325 607 iustitia,
2353 561 2467 610 qnam'
2493 566 2557 598 suo

410 617 582 654 arbitratu
610 624 646 654 et
671 617 890 668 malignitate
916 623 1036 667 regat,
1071 617 1300 655 accomodata
1324 630 1399 655 esse
1430 616 1627 655 videantur.
1687 614 1793 653 Hanc
1818 622 1937 665 autem
1970 616 2043 654 vim
2076 617 2283 665 coelestem,
2319 632 2411 670 quae
2436 625 2558 672 rerum

412 677 543 713 ordinis
568 690 676 714 causa
700 684 737 714 et
749 678 910 715 effectrix
937 688 998 725 est,
1025 678 1124 714 cuius
1149 678 1356 715 auctoritate
1367 676 1512 727 Jupiter
1524 676 1710 713 Titanibus
1735 675 1782 713 ad
1806 676 1937 713 inferos
1962 676 2114 714 detrusis
2138 677 2260 715 mnndi
2279 678 2557 717 moderationem

412 736 621 773 nanciscitur
663 743 698 774 et
723 738 824 786 quasi
859 738 1017 787 fungitur
1047 737 1124 774 cius
1148 737 1245 784 vice,
1280 736 1514 773 Prometheus
1541 735 1768 773 detrectando
1794 735 1888 772 illins
1913 735 2102 786 imperimn
2127 737 2319 774 contemnit
2342 739 2559 789 etgraviter

412 795 530 833 laedit.
583 796 826 842 Quamobrem
853 809 897 834 ne
931 796 1044 834 altera
1069 796 1213 847 quidem
1240 795 1440 846 explicandi
1465 795 1671 832 Promethei
1703 794 1796 832 ratio
1820 795 1865 832 ab
1897 795 2059 833 omnibus
2091 796 2249 845 partibus
2272 796 2459 850 probanda
2484 809 2559 836 esse

411 856 562 901 videtur,
589 869 661 905 qua
685 862 724 893 ut
748 869 887 893 summa
912 856 1070 893 solvatur
1095 856 1296 902 difficultas,
1322 855 1542 904 Aeschylum
1566 855 1689 892 dicunt
1718 855 1754 891 in
1780 855 1972 904 tragoediis
2006 854 2094 892 duos
2118 856 2305 904 agnovisse
2329 855 2442 895 Joves
2467 858 2559 895 inter

410 926 448 951 se
474 914 735 952 dissimillimos.
788 916 912 953 Unum
938 927 1013 952 esse
1037 914 1150 961 illum,
1176 927 1283 964 quem
1302 913 1478 951 communi
1503 913 1600 949 fama
1624 913 1795 951 traditum
1819 919 1855 949 et
1870 913 1971 963 vulgi
1995 913 2160 964 opinione
2184 924 2353 964 moreque
2378 921 2559 966 receptum

412 973 543 1012 Graeci
567 974 831 1025 religiosissime
856 974 1030 1013 colerent:
1065 974 1216 1012 alterum
1241 973 1439 1023 significare
1474 972 1631 1010 divinam
1663 978 1847 1020 naturam,
1881 985 1987 1023 quem
2012 978 2181 1024 tanquam
2206 973 2327 1011 mundi
2359 975 2558 1014 meatui-em

411 1041 446 1071 et
479 1035 755 1084 gubernatorem
789 1035 990 1085 philosophi
1016 1034 1172 1071 maxime
1196 1034 1232 1070 in
1253 1033 1545 1083 disputationibus
1571 1033 1616 1069 de
1642 1032 1866 1083 philosophia
1877 1031 1979 1070 Jovis
2004 1033 2146 1071 nomIne
2159 1034 2388 1084 appellarent.
2419 1035 2559 1083 Quibus

411 1095 519 1144 igitur
543 1094 631 1132 locis
655 1095 783 1132 summi
817 1094 969 1132 numinis
993 1094 1172 1141 iustitiam,
1207 1093 1432 1144 sapientiam,
1466 1093 1685 1130 sanctitatem
1709 1091 1814 1131 Jovis
1838 1092 1978 1130 nomine
2002 1092 2227 1143 praedicaret
2250 1094 2469 1147 Aeschylus,
2503 1096 2559 1134 his

411 1167 493 1190 eum
518 1154 711 1204 significari
737 1153 887 1191 voluisse
913 1154 1083 1200 alterum,
1119 1155 1155 1190 in
1181 1153 1395 1189 Prometheo
1428 1157 1547 1188 autem
1579 1151 1699 1188 fabula
1732 1151 1833 1188 illum
1857 1151 1988 1189 Jovem
2014 1152 2192 1204 depictum
2227 1165 2322 1202 esse,
2357 1155 2418 1205 qui
2442 1155 2559 1206 impiis

410 1227 452 1250 ac
468 1226 575 1264 saepe
599 1213 756 1250 ridiculis
780 1219 965 1264 poetarum
991 1213 1120 1251 fabulis
1132 1213 1242 1263 vulgo
1267 1212 1537 1258 describeretur,
1564 1217 1690 1248 natura
1706 1211 1888 1248 hominum
1913 1211 2111 1249 simillimus
2135 1218 2243 1263 atque
2259 1214 2422 1252 omnibus
2447 1211 2557 1252 a'ni'mi

410 1273 733 1322 perturbationibus
758 1272 1032 1323 libidinibusque
1058 1273 1240 1310 obnoxius.
1290 1271 1397 1316 Quod
1424 1271 1485 1308 tali
1511 1271 1577 1307 deo
1590 1271 1835 1320 obtemperare
1860 1270 2013 1308 noluerit
2035 1272 2279 1320 Prumetheus‚
2304 1272 2343 1310 id
2368 1273 2559 1311 admodum

409 1332 489 1371 leve
515 1345 600 1370 esse.
636 1332 754 1379 Quam
768 1332 1002 1382 quorumdam
1028 1332 1187 1369 virorum
1213 1330 1411 1381 opinionem
1438 1331 1565 1368 falsam
1590 1343 1666 1368 esse
1690 1343 1805 1381 neque
1829 1330 1903 1369 ullo
1917 1330 2023 1369 modo
2047 1331 2269 1382 probabilem
2283 1331 2558 1383 Schoemannus‚

409 1391 465 1426 vir
488 1391 721 1436 doctissimus,
747 1392 818 1426 iam
852 1392 991 1440 pridem
1017 1397 1088 1426 tam
1124 1391 1309 1426 manifesto
1343 1396 1378 1426 et
1412 1390 1593 1426 evidenter
1627 1390 1898 1436 demonstravit,
1934 1396 1972 1425 ut
1996 1391 2148 1426 rationes
2181 1392 2250 1426 viri
2275 1392 2499 1429 eruditissimi
2525 1399 2561 1430 et

408 1457 619 1500 argumenta
647 1450 708 1488 vix
733 1450 866 1500 possint
891 1464 913 1487 a
939 1463 1117 1500 quoquam
1143 1450 1269 1487 refelli.
1322 1449 1420 1496 Quid
1447 1462 1531 1486 vero
1557 1454 1745 1499 praeterea
1769 1448 1814 1486 de
1839 1454 1944 1499 poeta
1967 1449 2190 1487 statuendum
2216 1455 2308 1497 erat,
2344 1450 2404 1501 qui
2430 1451 2560 1502 populo

409 1510 553 1559 placere
579 1509 686 1546 vellet
711 1516 746 1546 et
780 1509 997 1546 carminibus
1029 1510 1101 1546 suis
1127 1514 1341 1559 spectatores
1376 1509 1571 1554 delectare,
1608 1521 1679 1544 non
1703 1508 1902 1558 praeceptis
1934 1508 2048 1545 solum
2073 1509 2215 1545 erudire
2239 1514 2344 1558 atque
2369 1511 2561 1558 instituere,

408 1575 468 1605 aut
493 1582 602 1618 quum
628 1569 697 1605 hoc
710 1582 819 1605 unum
845 1568 963 1605 faeere
977 1570 1162 1617 cogitaret,
1189 1569 1216 1604 si
1243 1569 1401 1605 occultae
1427 1568 1609 1604 cuiusdam
1622 1573 1658 1604 et
1683 1568 1865 1604 abstrusae
1885 1568 2077 1617 sapientiae
2096 1574 2286 1617 praecepta
2311 1570 2560 1619 proposuisset,

409 1639 501 1678 quae
525 1639 630 1665 nemo
657 1627 724 1664 nisi
750 1628 810 1677 qui
847 1627 1002 1664 initiatus
1027 1627 1069 1663 iis
1103 1633 1193 1664 esset
1219 1627 1417 1677 intelligere
1452 1632 1486 1663 et
1520 1632 1637 1663 mente
1670 1626 1857 1676 percipere
1881 1626 2027 1676 posset?
2068 1625 2168 1663 Licet
2201 1626 2324 1677 igitur,
2361 1628 2561 1679 quicunque

408 1688 612 1725 Promethei
638 1688 795 1725 fabulam
820 1694 881 1724 aut
905 1694 1009 1724 antea
1030 1688 1240 1724 invenerunt
1252 1694 1313 1723 aut
1337 1693 1459 1737 postea
1471 1687 1542 1723 suis
1567 1687 1744 1724 sententiis
1757 1692 2029 1733 exornaverunt,
2054 1699 2125 1723 non
2139 1693 2284 1733 temere,
2313 1688 2406 1736 quod
2427 1701 2561 1737 negare

409 1747 573 1796 equidem
600 1747 745 1783 minime
770 1746 965 1795 potuerim,
1002 1746 1063 1782 sed
1089 1746 1283 1796 prudenter
1309 1759 1385 1782 rem
1413 1746 1613 1784 effecerint:
1646 1751 1764 1782 tamen
1790 1745 2000 1795 Aeschylus,
2026 1745 2161 1782 etiamsi
2187 1745 2232 1782 de
2256 1746 2315 1783 via
2340 1746 2411 1783 iam
2437 1748 2562 1784 usitata

407 1806 585 1843 declinare
611 1818 680 1843 non
707 1806 903 1852 dubitaret,
940 1819 1048 1856 quum
1075 1806 1111 1842 in
1145 1806 1358 1842 carminibus
1391 1805 1576 1842 fundendis
1601 1811 1762 1854 poetam,
1797 1818 1866 1841 non
1891 1804 2143 1855 philosophum
2169 1818 2206 1842 se
2232 1806 2416 1843 ostendere
2442 1806 2560 1860 vellet,

410 1866 562 1902 debebat
586 1866 754 1902 etiamin
781 1866 909 1902 fabulis
934 1865 1114 1901 tradendis
1139 1871 1254 1914 poeta,
1281 1877 1351 1901 non
1377 1865 1557 1901 doctrinae
1581 1864 1763 1901 cuiusdam
1787 1864 2079 1914 philosophorum
2093 1864 2261 1913 magister
2287 1878 2328 1901 ac
2352 1872 2563 1916 praeceptor

409 1937 595 1975 apparere.
646 1924 747 1974 Ergo
771 1924 947 1961 fateamur
973 1936 1114 1960 neccsse
1141 1924 1207 1960 erit
1232 1924 1441 1972 prudentem
1468 1929 1609 1972 poetam
1634 1923 1682 1959 ita
1707 1936 1784 1959 rem
1809 1935 1909 1960 suam
1933 1923 2114 1960 instituere
2140 1923 2317 1971 debuisse,
2356 1930 2395 1961 ut
2420 1924 2490 1961 iam
2516 1938 2562 1962 ex

410 1986 462 2031 iis,
490 1997 583 2035 quae
607 1984 937 2035 praemittebantur,
965 1989 1178 2034 spectatores
1205 1988 1457 2032 cognoscerent
1483 1983 1601 2019 omnia
1621 1995 1792 2032 prospere
1816 1994 2017 2019 successura
2029 1981 2056 2020 J
2057 1994 2230 2033 ovemque
2254 1982 2370 2034 ipsum
2396 1984 2563 2034 expositis

410 2047 516 2082 rebus
541 2045 704 2082 omnibus
735 2057 843 2094 quam
876 2044 1063 2080 celerrime
1097 2044 1132 2078 in
1166 2056 1303 2079 summo
1338 2043 1472 2079 honore
1505 2048 1540 2079 et
1573 2042 1744 2091 dignitate
1770 2043 1937 2078 futurum.
1988 2041 2033 2078 Id
2058 2048 2282 2079 consecutum
2317 2053 2393 2080 esse
2418 2050 2559 2095 poetam

411 2104 634 2156 copulatione
664 2103 727 2141 illa
764 2103 872 2140 trium
909 2102 1122 2149 fabularum,
1150 2115 1255 2152 quam
1283 2115 1412 2151 graeco
1452 2102 1560 2138 verbo
1597 2101 1717 2138 dicunt
1750 2101 1947 2152 trilogiam‚
1987 2101 2059 2138 iam
2092 2101 2210 2139 multis
2241 2107 2323 2139 ante
2356 2103 2457 2140 annis
2492 2102 2561 2140 viri

410 2166 610 2202 litterarum
637 2177 848 2214 graecarum
873 2163 1075 2213 peritissimi
1102 2162 1294 2199 rationibus
1320 2162 1448 2199 docere
1474 2163 1588 2198 conati
1614 2168 1704 2198 sunt.
1756 2161 1862 2207 Quod
1889 2162 1982 2198 enim
2008 2161 2043 2198 in
2072 2162 2188 2198 vincto
2213 2162 2427 2199 Prometheo
2452 2162 2562 2200 nihilo

412 2224 527 2262 minus
552 2223 697 2275 Jupiter
722 2223 808 2261 deus
833 2227 1006 2273 appareat
1030 2222 1186 2258 maxime
1198 2221 1424 2268 detestabilis,
1451 2227 1489 2258 ut
1514 2220 1665 2258 hominis
1689 2220 1849 2258 iracundi
1869 2226 1905 2257 et
1927 2219 2163 2271 implacabilis
2187 2226 2222 2258 et
2246 2219 2387 2271 tyranni
2418 2221 2562 2271 superbi

412 2285 560 2321 similior
571 2284 624 2331 sit,
652 2297 760 2334 quam
785 2283 914 2320 summi
928 2282 997 2329 dei,
1024 2288 1129 2332 poeta
1153 2288 1272 2318 autem
1285 2281 1393 2318 talem
1407 2281 1537 2318 Jovem
1551 2280 1765 2328 exhibendo,
1792 2279 1908 2330 qualis
1921 2291 1997 2317 esse
2020 2293 2043 2317 a
2065 2279 2247 2332 plerisque
2256 2293 2330 2318 non
2344 2280 2560 2328 crederetur,

411 2351 646 2395 spectatorem
672 2344 808 2381 animos
833 2342 1030 2380 necessario
1056 2341 1225 2388 laederet,
1251 2347 1383 2378 certam
1409 2355 1551 2378 causam
1577 2341 1683 2378 fuisse
1708 2341 1759 2377 illi
1784 2346 1969 2390 oportere,
2004 2354 2074 2390 qua
2099 2341 2240 2390 cognita
2265 2340 2498 2391 suspicionem
2524 2354 2562 2378 se

412 2405 521 2455 impie
546 2410 581 2440 et
606 2403 753 2440 sceleste
777 2402 901 2438 fecisse
935 2408 971 2438 et
1002 2401 1192 2449 religiones
1226 2400 1381 2448 deosque
1415 2402 1515 2449 quasi
1548 2400 1715 2437 scientem
1748 2400 1831 2436 odio
1856 2406 1892 2436 et
1916 2399 2139 2436 contemtioni
2172 2400 2357 2437 tradidisse
2378 2400 2464 2436 vsine
2488 2400 2562 2437 nlla

412 2463 622 2502 difficultate
647 2475 670 2500 a
694 2475 732 2500 se
757 2466 967 2499 removeret.
1018 2460 1140 2510 Atque
1166 2472 1244 2497 eam
1271 2466 1394 2510 poetae
1421 2459 1680 2497 excusationem
1706 2465 1741 2497 et
1765 2459 1953 2510 impietatis
1978 2459 2233 2497 absolutione-m
2258 2458 2425 2506 invenies,
2451 2460 2560 2502 aiunt,

412 2525 448 2561 in
471 2524 580 2562 tertia
614 2521 737 2560 fabula
772 2521 929 2558 eiusdem
955 2520 1115 2570 generis,
1151 2520 1187 2555 in
1213 2520 1325 2556 soluto
1350 2519 1584 2566 Prometheo,
1621 2531 1713 2569 quae
1736 2532 1806 2556 non
1831 2519 1945 2557 solum
1970 2519 2145 2556 artissime
2178 2519 2363 2556 coniimcta
2388 2518 2511 2566 fuerat
2528 2525 2564 2556 et

413 2597 574 2622 connexa
598 2596 681 2619 cum
707 2582 825 2618 vincto
850 2579 1076 2626 Prometheo,
1103 2579 1165 2615 sed
1191 2578 1297 2615 etiam
1323 2579 1372 2615 ita
1396 2576 1590 2628 composita
1613 2584 1648 2615 et
1671 2579 1848 2629 perfecta,
1881 2585 1920 2615 ut
1944 2577 2050 2616 facile
2074 2590 2195 2615 omnes
2218 2578 2381 2615 'viderent
2405 2578 2561 2616 vinctum

413 2643 668 2683 Prometheum
693 2646 864 2691 tanqiiam
889 2638 1159 2677 fundamentum
1185 2638 1315 2675 iactum
1333 2638 1449 2685 fuisse,
1476 2639 1512 2675 in
1538 2651 1607 2689 quo
1633 2643 1738 2689 poeta
1755 2638 1985 2688 magnificum
2009 2650 2111 2675 suum
2135 2637 2334 2675 aedificium
2353 2635 2561 2686 exstrueret·

414 2705 517 2750 Quae
542 2702 713 2739 sententia
738 2713 848 2750 quum
873 2699 977 2736 soluti
1002 2698 1207 2735 Promethei
1237 2699 1394 2734 fabulam
1419 2698 1601 2747 iniquitate
1625 2702 1837 2747 temporum
1851 2697 2073 2747 deperditam
2097 2698 2198 2734 nobis
2232 2709 2307 2734 esse
2331 2697 2562 2735 vehementer

413 2763 607 2808 doleamus,
634 2772 849 2811 quamquam
875 2758 981 2796 certis
1005 2771 1047 2795 ac
1071 2757 1182 2793 firmis
1216 2756 1408 2793 rationibus
1434 2757 1579 2803 probari
1605 2769 1674 2794 non
1701 2761 1823 2807 potest,
1852 2761 1982 2793 tamen
2007 2756 2056 2793 ita
2089 2769 2159 2794 non
2193 2762 2252 2793 est
2272 2754 2496 2824 spernenda,
2523 2754 2563 2793 ut

413 2821 618 2873 diligentius
643 2819 863 2870 exquirenda
888 2830 964 2856 esse
980 2817 1154 2856 videatur.
1209 2816 1398 2866 Utcunque
1423 2829 1478 2854 res
1505 2829 1542 2854 se
1569 2817 1685 2863 habet,
1712 2816 1784 2852 iam
1809 2828 1856 2853 ex
1879 2816 1957 2866 ipso
1978 2815 2098 2853 vincto
2111 2816 2325 2853 Prometheo
2349 2806 2437 2853 ‘satis'
2451 2813 2562 2853 multa

495 2952 517 2991 ¹)
538 2951 623 2981 Poet.
646 2960 711 2988 cap.
733 2951 763 2982 9.
