2836 3366
1415 152 1476 201 -10

354 297 433 330 ,ωε
429 284 568 348 θυμιᾷ
591 280 703 336 sedat,
731 285 769 318 ut
793 279 1031 323 multoaefiam
1049 278 1255 321 obstinatior
1273 278 1691 333 perveniatque-mss
1700 278 1781 321 rel
1788 281 2027 324 mamma-n
2032 287 2151 325 1118181·
2173 283 2234 323 in.
2225 282 2366 324 ,11811818
2389 281 2519 333 w,

357 353 496 391 ‹fluem
493 339 608 383 minis
625 338 870 390 marinisque
890 334 1058 380 insectari
1080 350 1152 379 non
1174 337 1321 376 dubitet.
1336 336 1361 386 1)
1411 337 1465 379 Ut
1488 337 1618 387 igitir
1628 337 2053 393 88818188111-,888181-1,
2076 340 2152 383 its
2158 341 2322 383 dolote-
2325 340 2426 383 seius
2424 341 2479 383 ἰ.
2484 349 2518 380 e.

370 408 503 450 puem-
515 399 891 451 semprogroew
923 397 1039 445 magis
1070 397 1255 446 magisque
1287 400 1485 441 crescunt,
1493 400 1551 439 ut
1572 395 1610 440 in
1637 401 1804 439 ’8118181118
1824 398 2036 447 tragedia
2054 399 2352 453 manvus
2385 399 2518 442 insenos

372 457 605 508 orsenipim
630 456 721 502 hm
741 469 859 507 poena
881 456 958 495 fere
982 460 1128 497 aeterna
1153 455 1246 494 facta
1270 468 1346 494 esse
1371 454 1643 506 spectatoribus
1649 454 1833 500 videatur·
1861 456 2000 506 Talem
2014 458 2370 513 ant-memmei
2370 459 2519 501 {owse

372 517 514 562 eximus
532 516 604 559 filis
612 510 774 566 ‚probari
797 529 869 554 nen
893 515 1069 566 potuisse,
1104 514 1182 565 quis
1207 520 1279 562 est,
1315 513 1399 565 quin
1425 512 1627 582 intelligat?
1664 513 1845 561 Videbat
1870 527 1972 571 ωιτη
2001 516 2118 569 illum
2125 530 2271 568 W
2280 518 2520 573 ,sempiternas

372 577 537 614 daturum
562 588 650 622 esse,
677 576 738 625 qui
762 589 980 642 quamquam
1005 575 1164 624 graviter
1190 575 1400 624 deliquerat,
1428 574 1542 622 magis
1567 579 1685 611 tamen
1709 574 1819 619 nimio
1843 587 1967 617 emere
1982 576 2149 625 weris
2156 576 2305 619 humani
2311 578 2518 627 ,deliquiflte

358 635 570 682 ,ῃῲῷηῃη
597 646 706 685 quam
725 634 835 672 animi
861 634 1045 685 pravitate,
1073 639 1108 670 et
1131 633 1323 685 sperabant
1335 633 1422 681 fore,
1449 636 1489 669 ut
1501 631 1755 682 Prometheus,
1770 645 1877 684 quem
1889 633 2163 684 quodammodo
2185 630 2336 686 proptor
2345 648 2517 686 magnum

358 695 471 741 ‚imum
482 694 677 739 ,hominum
686 706 849 738 amorem
871 693 1022 743 diligere
1034 698 1233 760 coeperant,
1259 703 1375 743 poena
1397 692 1564 741 graviore
1587 692 1816 736 liberaretur.
1838 693 2018 735 Videbant
2041 701 2230 740 praeterea
2240 695 2382 743 Jovem,
2408 708 2515 746 quem

357 764 509 800 ,88811118
532 766 624 799 num
640 754 769 804 pietate
789 751 927 791 Graeci
952 758 989 790 et
1012 752 1167 792 maxime
1193 752 1428 790 Athenienses
1452 751 1733 800 venerabantur,
1768 765 1841 810 non
1865 753 1970 791 modo
1994 754 2204 797 auctoritate
2228 759 2265 791 et
2287 754 2423 795 honore
2446 755 2519 792 foe-

359 800 514 859 Χ1118βί11118
539 813 686 863 privari,
710 813 774 850 sed
799 813 909 850 animi
933 812 1265 862 perturbationibus,
1293 812 1420 878 quibus
1446 811 1598 848 maiores
1622 811 1698 849 fere
1721 812 1841 851 nullae
1865 819 1955 860 sunt,
1980 812 2195 860 8888111118,
2204 812 2370 852 violentia
2394 814 2518 851 enide-

358 871 540 924 ,limoque
566 872 793 919 vehementer
818 872 967 911 incitari.
1019 871 1154 918 Quodsi
1181 871 1333 910 Athenis
1359 871 1441 910 vivo
1475 870 1582 911 etiam
1613 876 1689 913 tum
1714 870 1895 923 Aeschylo
1918 870 2177 924 Anaxagoram
2203 872 2393 925 impietatis
2416 887 2517 914 aceu-

361 939 487 979 <m
522 933 717 981 capitisque
742 933 948 969 damnatum
983 945 1058 968 esse
1083 932 1302 980 accepimus,
1337 943 1452 997 neque
1486 943 1568 966 eum
1601 931 1693 967 vitae
1726 931 1940 976 discrimen
1936 945 2137 985 evasurum
2159 932 2293 978 fixisse,
2324 933 2393 969 nisi
2431 933 2518 982 fuga

370 985 516 1043 petisset
536 991 703 1032 salutem:
730 990 842 1029 multo
867 991 974 1031 etiam
999 990 1114 1042 magis
1139 989 1372 1028 Athenienses
1397 990 1452 1028 ira
1476 1002 1618 1029 axsuros
1643 989 1750 1033 fuisse
1774 982 1970 1042 putandum
1996 997 2049 1035 est
2072 991 2111 1034 in
2134 990 2378 1042 Aeschylum,
2402 1006 2518 1043 neque

365 1052 637 1098 ,masat-ionem
654 1052 810 1089 fizturam
827 1057 963 1099 poetae,
989 1052 1019 1087 si
1044 1052 1189 1100 quidem
1214 1064 1321 1099 quum
1338 1050 1440 1086 Jovis
1465 1050 1657 1097 imaginem
1683 1055 1756 1092 tam
1780 1050 1921 1087 foedam
1935 1057 2081 1100 tamque
2104 1050 2346 1092 detestabilem
2359 1051 2519 1090 versibus

373 1110 610 1161 exprimeret,
638 1123 753 1161 neque
778 1110 933 1149 rationes
956 1122 1073 1161 neque
1098 1123 1221 1148 causas
1245 1109 1501 1160 proposuisset,
1537 1109 1665 1160 quibus
1689 1109 1874 1160 percipere
1889 1117 2040 1161 ‚possent
2060 1117 2294 1161 spectatores,
2329 1111 2519 1160 religiones

365 1177 526 1219 „anpoeta
557 1183 627 1207 non
653 1170 759 1205 modo
794 1170 908 1206 laesas
938 1183 1010 1206 non
1036 1182 1130 1216 esse,
1166 1169 1228 1205 sed
1258 1170 1365 1204 etiam
1399 1182 1476 1215 1-88,
1511 1181 1603 1218 quae
1637 1170 1674 1204 'm
1698 1169 1913 1211 Prometheo
1943 1169 2064 1211 fabula
2096 1175 2350 1217 tractarentur,
2385 1169 2517 1207 bonum

361 1228 639 1279 *optabilemque
672 1234 838 1266 eventum
872 1228 1055 1266 habituras
1088 1241 1174 1265 esse.
1234 1228 1361 1278 Neque
1385 1227 1473 1265 illud
1498 1228 1786 1279 praetermiserat
1808 1234 1931 1279 poeta,
1965 1229 2027 1267 sed
2052 1242 2191 1269 summa
2222 1235 2299 1268 arte
2324 1242 2365 1266 ac
2390 1229 2518 1279 peritia

359 1289 429 1336 illi
453 1289 506 1334 rei
531 1288 746 1339 providerat.
797 1288 937 1325 Iudicat
962 1289 1056 1325 enim
1081 1288 1118 1325 in
1143 1289 1219 1338 ipsa
1244 1288 1366 1325 sabula
1390 1301 1462 1325 non
1486 1301 1557 1326 uno
1581 1288 1660 1326 loeo
1674 1288 1705 1337 2)
1731 1288 1968 1326 dirimendum
1993 1301 2068 1329 esse
2084 1295 2276 1336 certamen,
2302 1288 2399 1338 quod
2426 1290 2517 1328 inter

371 1348 507 1395 {qvem
528 1354 566 1385 et
590 1348 843 1389 Prometheum
870 1354 1069 1394 exarserat,
1108 1354 1148 1384 ut
1172 1360 1281 1397 quum
1305 1347 1397 1383 alter
1420 1347 1456 1383 in
1482 1347 1635 1396 gratiam
1661 1347 1810 1384 redisset
1832 1361 1914 1387 eum
1936 1348 2070 1396 altero,
2097 1354 2132 1385 et
2154 1347 2298 1403 Jupiter
2322 1348 2518 1386 solveretur

368 1407 633 1455 insimulatione
663 1407 878 1448 crudelitatis
911 1414 946 1444 et
979 1406 1203 1453 iracundiae,
1240 1412 1276 1444 et
1305 1406 1538 1444 Prometheus
1571 1407 1760 1457 superbiae
1793 1408 2085 1458 pervicaciaeque
2117 1407 2264 1450 crimine
2294 1407 2516 1455 liberaretur,

363 1473 612 1517 *spectatorum
636 1467 744 1504 animi
764 1467 869 1504 facile
882 1467 1118 1517 placarentur.
1170 1466 1290 1515 Atque
1316 1479 1396 1502 eam
1420 1467 1473 1503 rei
1498 1467 1671 1503 rationem
1697 1473 1801 1516 poeta
1826 1468 1863 1503 in
1887 1468 2000 1505 soluto
2013 1468 2228 1505 Prometheo
2252 1468 2357 1504 inisse
2378 1467 2516 1504 dicitur.

366 1523 493 1576 Huius
516 1532 635 1564 autem
661 1526 846 1577 tragediae
873 1526 1039 1576 quoniam
1073 1526 1147 1563 fere
1173 1525 1263 1563 nihil
1295 1531 1356 1563 aut
1386 1526 1578 1563 admodum
1602 1540 1717 1578 pauca
1750 1522 1874 1564 relicta
1898 1533 1997 1575 sunt,
2033 1541 2080 1565 ex
2104 1528 2230 1578 quibus
2255 1526 2374 1577 colligi
2399 1526 2518 1577 aliqua

366 1601 423 1629 >ex
446 1593 549 1636 parte
575 1587 703 1637 possit,
729 1600 822 1636 quae
847 1587 954 1623 fuerit
978 1586 1072 1623 illius
1097 1587 1239 1623 fabulae
1264 1587 1453 1633 sententia,
1480 1586 1585 1623 liceat
1609 1599 1701 1636 quae
1725 1587 1799 1624 eius
1822 1587 1874 1624 rei
1898 1587 1989 1623 ratio
2014 1587 2118 1624 fuisse
2142 1587 2229 1624 mihi
2253 1586 2397 1636 quidem
2422 1587 2517 1624 vide-

364 1653 468 1694 atur,
488 1652 679 1696 ,quamtum
704 1646 907 1683 coniectura
932 1646 1070 1695 assequi
1094 1646 1298 1695 poterimus,
1324 1646 1446 1695 paucis
1472 1645 1661 1695 explicare.

472 1705 517 1742 In
542 1705 660 1743 vincto
685 1705 900 1742 Prometheo
934 1704 1054 1755 paullo
1078 1710 1159 1740 ante
1185 1704 1340 1740 diximus
1372 1717 1448 1741 rem
1482 1717 1708 1754 causamque*
1726 1702 1947 1755 singularum
1979 1704 2245 1754 tragoediarum
2270 1704 2440 1754 Aeschyli
2475 1716 2517 1741 eo

372 1765 530 1810 maxime
556 1764 740 1811 contineri,
768 1764 864 1813 quod
888 1770 1032 1814 praeter
1056 1763 1168 1810 illum,
1194 1763 1255 1813 qui
1281 1763 1421 1812 culpam
1453 1764 1608 1813 aliquam
1634 1763 1818 1810 sustineat,
1852 1777 1956 1800 nemo
1982 1776 2134 1813 poenam
2157 1763 2219 1800 det
2249 1763 2307 1800 vel
2337 1763 2517 1800 doloribus

370 1824 562 1871 &ffitsssotun
614 1824 768 1861 Necesse
801 1832 854 1860 est
885 1823 995 1873 igitur
1020 1823 1292 1870 Prometheum,
1327 1823 1388 1873 qui
1413 1823 1589 1860 confectus
1624 1835 1699 1860 esse
1724 1822 1886 1860 videatur
1919 1836 2026 1873 quam
2057 1823 2223 1861 maximis
2246 1822 2445 1870 doloribus,
2481 1823 2517 1859 in

374 1884 481 1935 eulpa
504 1883 620 1922 fixisse.
658 1883 765 1921 Hanc
790 1890 908 1920 autem
925 1883 1065 1933 culpam
1091 1884 1126 1920 in
1154 1896 1195 1920 eo
1209 1883 1426 1933 potissimum
1441 1884 1591 1934 positam
1617 1897 1692 1921 esse
1717 1883 1969 1930 contendimus,
1996 1884 2092 1933 quod
2117 1884 2226 1920 invito
2238 1883 2332 1921 Jove
2353 1883 2519 1933 superbia

368 1951 481 1994 atque
502 1943 690 1985 insolentia
714 1942 885 1992 impulsus
910 1942 1080 1990 homines,
1107 1956 1194 1993 quos
1218 1942 1278 1979 ille
1303 1941 1488 1992 paullatim
1513 1943 1659 1980 interire
1683 1942 1834 1980 voluerit
1859 1948 1894 1979 et
1919 1942 2097 1992 extingui,
2122 1942 2206 1980 dato
2230 1942 2314 1992 igne
2339 1942 2518 1992 variisque

362 2003 506 2046 artibus
531 2002 730 2054 praeceptis
764 2002 939 2049 docuerit,
975 2002 1274 2052 quemadmodum
1308 2002 1463 2040 maxime
1488 2002 1620 2040 morbis
1645 2002 1820 2040 medendo
1847 2002 2088 2040 imminentem
2113 2002 2195 2040 fatis
2218 2009 2368 2040 mortem
2394 2002 2518 2052 procul

362 2076 542 2114 'amovere
567 2068 720 2113 possent.
772 2062 824 2100 At
856 2076 902 2100 ne
926 2062 1071 2112 Jupiter
1096 2062 1240 2113 quidem
1264 2063 1340 2113 ipse
1373 2068 1472 2100 earet
1505 2062 1619 2113 culpa.
1669 2062 1829 2113 Accepto
1863 2062 1957 2100 enim
1982 2061 2133 2113 imperio
2158 2068 2197 2100 ut
2220 2076 2333 2100 novus
2356 2062 2518 2100 dominus

362 2122 422 2162 'ita
446 2124 556 2163 utitur
581 2124 700 2172 itaque
724 2136 764 2161 se
786 2123 892 2171 gerit,
917 2128 955 2159 ut
979 2123 1079 2171 leges
1109 2123 1188 2159 illas
1212 2130 1393 2169 aeternas,
1427 2123 1553 2172 quibus
1577 2124 1650 2158 iam
1683 2123 1766 2159 inde
1790 2136 1812 2159 a
1836 2122 1952 2172 primo
1985 2135 2107 2160 rerum
2140 2123 2240 2159 initio
2273 2123 2361 2159 ordo
2395 2121 2518 2158 mundi

363 2182 626 2231 coatinebauir,
651 2193 797 2232 prorsus
822 2181 989 2231 ignorare
1014 2181 1176 2218 videatur
1200 2187 1235 2218 et
1259 2182 1360 2219 novis
1385 2182 1485 2232 quasi
1508 2181 1647 2231 legibus
1673 2181 1862 2233 imperare.
1874 2181 1901 2231 3)
1952 2180 2104 2232 Oportet
2127 2180 2236 2237 igitur
2247 2180 2378 2220 Jovem
2402 2180 2518 2231 ipsum

364 2242 495 2294 alti
512 2255 565 2279 ex
600 2248 702 2293 parte
735 2242 853 2292 plecti.
914 2239 989 2279 Sed
1022 2245 1118 2291 quod
1151 2242 1308 2279 omnium
1340 2255 1525 2292 supremus
1557 2248 1609 2279 est
1641 2242 1747 2290 deus,
1779 2255 1802 2279 a
1827 2255 1897 2292 quo
1923 2254 2027 2279 omne
2059 2242 2233 2280 malorum
2256 2254 2369 2292 genus
2393 2240 2518 2291 procul

369 2302 497 2343 abesse⁴
520 2302 682 2349 debebat,
711 2302 760 2339 ita
786 2314 868 2338 eum
892 2302 975 2338 facit
1000 2308 1106 2351 poeta
1129 2302 1405 2352 perpetientem,
1431 2307 1470 2338 ut
1494 2302 1674 2353 perpetuis
1697 2302 1774 2340 fere
1799 2301 2089 2344 sollicitudinibus
2113 2301 2327 2350 afflictant,
2361 2314 2406 2338 ne
2431 2307 2517 2338 tem-

371 2361 473 2413 poris
488 2374 687 2411 ,progressu
713 2373 825 2410 regno
851 2361 926 2410 ipse
954 2362 1136 2410 privetur,
1169 2361 1468 2410 quemadmodum
1492 2367 1598 2398 antea
1629 2374 1676 2406 ex
1701 2362 1881 2411 dignitatis
1910 2361 2026 2410 gradu
2050 2367 2188 2410 patrem
2213 2361 2517 2411 praecipitaverat.

371 2420 550 2473 Quifieri
575 2420 707 2471 optime
732 2420 851 2471 possit,
879 2426 916 2457 ut
941 2420 1138 2457 maximum
1162 2419 1250 2457 illud
1275 2420 1471 2471 periculum
1497 2433 1520 2457 a
1543 2433 1582 2458 se
1606 2426 1786 2469 amoveat,
1820 2427 2038 2472 compertum
2062 2421 2220 2460 nondum
2245 2422 2370 2468 habet,
2403 2432 2518 2470 neque

370 2487 424 2525 est
439 2481 654 2532 quisquam,
689 2481 750 2530 qui
783 2481 851 2517 hoc
885 2480 1031 2527 indicet,
1066 2480 1132 2517 nisi
1156 2480 1401 2516 Prometheus.
1457 2481 1495 2517 Is
1527 2480 1639 2527 enim,
1674 2481 1864 2529 providens
1888 2481 1999 2527 deus,
2029 2493 2100 2517 non
2134 2486 2211 2518 erat
2235 2481 2391 2526 nescius,
2426 2492 2519 2529 quae

369 2540 575 2591 immineret
601 2539 686 2577 Jovi
710 2539 896 2591 pernicies,
921 2551 1036 2589 neque
1060 2552 1141 2577 eum
1167 2539 1325 2589 fugerat,
1358 2539 1444 2590 quid
1469 2538 1522 2576 illi
1546 2545 1636 2577 esset
1659 2538 1878 2587 faciendum,
1911 2545 1949 2577 ut
1972 2552 2065 2590 quae
2091 2539 2265 2579 Saturnus
2297 2545 2399 2590 pater
2424 2539 2518 2577 male

371 2605 574 2650 exsecrante
596 2606 692 2647 erat,
728 2605 907 2649 averteret
932 2599 1137 2667 irritamque
1162 2600 1293 2636 faceret
1317 2599 1460 2636 fatalem
1492 2600 1560 2636 sibi
1594 2598 1840 2637 calamitatem.
1899 2599 2113 2638 Prometheo
2144 2605 2262 2637 autem
2294 2612 2371 2636 rem
2404 2599 2518 2648 ipsam

361 2658 586 2713 ,patefecerat
609 2664 724 2696 mater
749 2645 908 2706 Themis,
935 2659 1067 2710 quippe
1092 2672 1194 2709 quae,
1221 2671 1330 2709 quum
1356 2659 1513 2697 omnium
1538 2671 1658 2696 rerum
1684 2664 1799 2696 mater
1823 2671 1863 2695 ac
1883 2659 2106 2709 procreatrix
2130 2658 2249 2697 omnia
2274 2657 2517 2709 amplectatur,

370 2718 495 2770 μωρίη,
513 2719 716 2771 perspiciat,
742 2719 974 2770 sempiternas
999 2732 1139 2769 quoque
1173 2718 1252 2756 illas
1277 2732 1399 2757 rerum
1433 2720 1678 2757 universarum
1712 2718 1845 2756 ordinis
1877 2731 1920 2756 ae
1945 2719 2196 2757 moderationis
2230 2718 2330 2768 leges
2360 2718 2518 2768 cognitas

450 2858 474 2894 ι)
494 2857 594 2887 Prom.
623 2858 688 2888 310.
718 2860 775 2887 320
795 2867 860 2896 sqq.
892 2859 949 2886 937
971 2867 1034 2895 sqq.
1062 2859 1129 2887 989.
1160 2860 1244 2887 1000.
1276 2860 1351 2887 1040
1372 2868 1436 2896 sqq.
1486 2859 1508 2896 ²)
1528 2859 1625 2889 Prom.
1651 2859 1706 2887 168
1727 2868 1790 2895 sqq.
1821 2859 1877 2887 190
1898 2868 1963 2895 sqq.
2012 2859 2035 2896 ³)
2057 2860 2157 2891 Prom.
2179 2860 2244 2890 150.
2276 2860 2345 2890 161.
2370 2860 2429 2887 403
2450 2867 2515 2896 sqq.

370 2905 498 2939 Eumsn,
518 2907 577 2935 778
598 2915 663 2944 sqq.
