2836 3366
803 585 916 686 De
988 553 1354 712 Aeschyli
1426 582 1882 683 Prometheo

1114 776 1427 784 mmwivvsv»

383 916 491 978 Data
515 941 583 978 hac
608 940 656 977 ad
681 938 904 977 scribendum
938 940 1119 978 occasione
1153 953 1263 990 quum
1297 940 1342 976 de
1375 952 1416 976 re
1441 940 1615 976 disserere
1649 938 1737 974 mihi
1762 938 2039 987 proposuissem,
2076 951 2167 987 quae
2201 944 2235 975 et
2260 939 2413 975 omnium

283 999 492 1038 difficillima
516 1012 591 1038 esse
616 999 756 1037 videtur
781 1013 896 1050 neque
920 999 1081 1038 omnibus
1105 997 1266 1049 partibus
1292 1011 1393 1049 posse
1419 998 1564 1045 absolvi,
1590 1010 1658 1035 non
1684 997 1892 1047 ignorabam
1918 997 2006 1045 fore,
2033 1003 2071 1034 ut
2095 997 2130 1033 in
2156 996 2272 1034 varias
2296 1008 2413 1047 repre—

280 1059 465 1097 hensiones
498 1060 727 1095 incurrerem.
784 1059 901 1095 Erunt
934 1060 1028 1095 enim
1061 1058 1241 1108 profecto,
1281 1058 1342 1107 qui
1374 1071 1484 1107 quum
1519 1057 1564 1093 de
1598 1057 1768 1105 Aeschyli
1802 1057 2014 1093 Prometheo
2057 1057 2212 1092 scribere
2244 1057 2409 1093 nonnulla

281 1117 524 1165 instituissem,
565 1117 804 1168 „periculosae
828 1118 972 1167 plenum
996 1130 1084 1168 opus
1108 1117 1230 1154 aleae“
1265 1129 1323 1154 me
1355 1122 1508 1153 tractare
1534 1116 1670 1162 dicant,
1710 1128 1824 1164 neque
1852 1115 2069 1161 „versavisse
2094 1114 2172 1162 diu,
2208 1115 2292 1165 quid
2318 1115 2412 1153 ferre

281 1183 463 1226 recusent,
497 1177 583 1228 quid
614 1177 759 1216 valeant
781 1177 953 1215 humeri.“
1009 1177 1104 1214 Nam
1134 1189 1244 1227 quum
1269 1182 1405 1214 veteres
1437 1176 1502 1226 ipsi
1535 1175 1595 1212 alii
1628 1174 1734 1212 aliam
1767 1174 1803 1211 in
1831 1173 1999 1225 Aeschyli
2024 1174 2237 1212 Prometheo
2271 1175 2343 1212 vim
2368 1187 2410 1212 ac

282 1237 489 1274 sententiam
520 1237 633 1274 inesse
668 1237 915 1283 credidissent,
952 1248 1131 1285 quumque
1164 1236 1257 1272 inter
1287 1237 1397 1284 ipsos,
1433 1235 1493 1285 qui
1528 1235 1572 1271 de
1606 1235 1672 1270 hac
1705 1235 1827 1271 fabula
1858 1235 2015 1270 iudicare
2039 1235 2248 1283 potuissent,
2284 1247 2413 1283 magna

284 1295 407 1333 fuisset
429 1296 500 1333 illis
522 1297 740 1345 temporibus
765 1296 950 1343 dissentio,
984 1301 1023 1333 ut
1054 1301 1216 1333 veterum
1249 1295 1406 1345 ipsorum
1432 1293 1673 1345 interpretatio
1706 1293 1798 1331 illius
1832 1292 2036 1343 tragoediae
2070 1293 2159 1330 falsa
2193 1294 2313 1343 utique
2339 1306 2414 1331 esse

284 1355 465 1391 videretur
490 1355 547 1391 vel
571 1354 689 1404 aliqua
715 1366 761 1391 ex
785 1360 886 1405 parte
911 1366 1037 1390 manca.
1062 1359 1097 1390 et
1121 1353 1301 1390 inchoata:
1333 1366 1379 1390 ne
1402 1359 1522 1390 nostra
1547 1353 1691 1402 quidem
1716 1353 1902 1399 memoria,
1930 1353 2137 1402 praesertim
2163 1365 2271 1402 quum
2298 1353 2414 1389 omnia

284 1415 362 1453 fere
386 1415 589 1453 adiumenta
612 1415 790 1461 deessent,
825 1416 952 1464 quibus
977 1414 1186 1452 adhibendis
1216 1427 1300 1452 vera
1325 1414 1566 1452 invenirentur
1591 1420 1626 1451 et
1651 1428 1673 1451 a
1697 1412 1795 1451 falsis
1820 1413 2127 1462 dignoscerentur,
2162 1413 2268 1463 plane
2293 1411 2412 1463 quem·

284 1485 391 1523 quam
415 1473 614 1524 intelligere
638 1485 751 1525 posse,
778 1473 863 1524 quid
888 1473 955 1511 sibi
979 1472 1066 1510 velit
1089 1478 1204 1524 poeta,
1231 1484 1301 1523 quo
1326 1472 1448 1510 tendat
1473 1472 1546 1509 eius
1567 1472 1700 1509 fabula.
1750 1472 1827 1508 Nec
1853 1483 1936 1508 vero
1962 1472 2110 1508 deerunt
2133 1476 2328 1521 praeterea,
2354 1473 2414 1522 qui

285 1547 343 1570 me
367 1535 485 1582 inepte
518 1540 622 1582 atque
655 1534 745 1570 adeo
770 1540 980 1582 arroganter
1013 1533 1136 1570 fecisse
1161 1546 1230 1569 non
1263 1539 1410 1581 negent,
1446 1533 1540 1581 quod
1565 1546 1643 1569 rem
1668 1532 1827 1569 omnibus
1862 1532 2017 1568 numeris
2047 1533 2117 1568 iam
2152 1532 2347 1569 absolutam
2369 1532 2416 1569 'ac

283 1592 475 1643 perfectam
508 1592 744 1631 recoluissem.
795 1593 889 1630 Nam
920 1604 1030 1644 quum
1060 1596 1113 1629 tot
1144 1591 1211 1628 viri
1244 1590 1397 1642 insignes
1430 1596 1536 1642 atque
1568 1591 1742 1643 imprimis
1775 1589 2061 1639 Schoemannus,
2098 1591 2154 1626 vir
2187 1589 2408 1637 clarissimus,

283 1653 366 1687 licet
390 1654 568 1698 omnibus,
604 1654 730 1700 quibus
764 1665 840 1687 rem
865 1666 965 1687 suam
990 1653 1206 1687 illustrarent
1235 1652 1454 1686 adminiculis
1484 1665 1530 1686 ex
1556 1652 1761 1698 antiquitate
1794 1652 1910 1698 petitis
1942 1652 2054 1686 orbati
2086 1658 2219 1696 oesent,
2254 1665 2317 1686 sua
2342 1652 2414 1687 sola

285 1709 481 1750 eruditione
498 1716 533 1749 et
558 1710 717 1750 doctrina
733 1710 1004 1762 litterarumque
1021 1722 1231 1761 graecarum
1256 1708 1400 1748 scientia
1423 1708 1522 1747 illam
1535 1708 1707 1760 Aeschyli
1732 1708 1953 1760 tragoediam
1979 1709 2028 1747 ita
2054 1714 2173 1759 essent
2185 1707 2413 1761 interpretati,

284 1777 323 1806 ut
347 1784 418 1807 non
443 1771 593 1821 amplius
619 1771 812 1821 quidquam
838 1771 1030 1816 desiderari
1057 1771 1182 1820 possit:
1216 1782 1359 1819 prorsus
1384 1769 1506 1805 inutile
1537 1769 1651 1804 videri
1677 1776 1713 1804 et
1736 1782 2054 1818 supervacaneum,
2090 1770 2118 1804 si
2144 1769 2221 1818 quis
2247 1770 2355 1805 vellet
2377 1771 2413 1804 in

284 1831 408 1868 eadem
443 1844 483 1868 re
516 1843 662 1881 operam
696 1844 795 1868 suam
829 1838 864 1868 et
896 1831 1055 1868 laborem
1089 1829 1271 1867 collocare.
1323 1828 1461 1876 Quibus
1491 1842 1558 1878 ego
1592 1828 1751 1866 omnibus
1784 1828 2070 1879 respondendum
2103 1828 2224 1878 paucis
2257 1829 2306 1866 ita
2340 1841 2413 1866 esse

283 1890 446 1927 arbitror.
497 1890 553 1927 Ac
578 1890 733 1940 primum
758 1890 902 1941 quidem
930 1890 974 1934 de
998 1903 1038 1927 re
1061 1889 1166 1926 dubia
1192 1894 1227 1925 et
1250 1889 1383 1925 incerta
1408 1888 1525 1938 agitur
1548 1900 1664 1938 neque
1689 1888 1850 1924 omnibus
1875 1889 2034 1938 partibus
2055 1888 2241 1939 perspicua
2267 1894 2301 1924 et
2326 1888 2411 1925 dilu-

283 1950 373 1987 cida.
425 1950 528 1996 Quae
554 1963 611 1987 res
645 1963 754 1999 quum
779 1951 815 1987 in
850 1950 1055 1987 illustranda
1088 1948 1323 1999 grandissima
1356 1948 1417 1985 illa
1450 1949 1606 1985 omnium
1639 1948 1838 1985 fabularum
1864 1954 2041 1995 versetur,
2077 1962 2147 1985 non
2181 1948 2293 1986 solum
2325 1961 2411 1998 quas

282 2008 493 2058 Aeschylus,
520 2022 644 2051 verum
671 2009 776 2046 etiam
802 2023 889 2058 quas
914 2015 987 2045 tota.
1012 2009 1198 2057 antiquitas
1222 2008 1356 2045 invenit
1378 2014 1413 2044 et
1438 2007 1602 2054 excoluit,
1628 2013 1732 2057 poeta
1757 2012 1875 2044 autem
1899 2007 1985 2056 ipse,
2013 2007 2099 2056 quid
2125 2009 2159 2043 in
2175 2007 2411 2056 *descriptione

282 2069 437 2118 partium
462 2069 677 2119 actionisque
702 2070 824 2107 ordine
849 2069 1069 2119 spectaverit,
1095 2069 1200 2118 pla-ne
1226 2075 1260 2106 et
1284 2074 1405 2118 aperte
1429 2066 1526 2104 nullo
1551 2067 1629 2105 loco
1641 2067 1859 2115 indicaverit,
1886 2079 1955 2103 non
1979 2073 2094 2117 potest
2118 2080 2186 2104 non
2212 2067 2299 2114 fieri,
2326 2068 2411 2116 quin

283 2127 481 2177 quicunque
506 2128 750 2178 explanandae
783 2128 835 2164 illi
867 2128 1007 2165 fabulae
1039 2128 1302 2177 sententiaeque
1335 2127 1608 2177 perscrutandae
1641 2139 1785 2175 operam
1819 2126 2001 2173 dederint,
2035 2126 2059 2162 ii
2093 2139 2172 2162 suas
2202 2126 2411 2175 plerumque

283 2186 463 2236 opiniones
496 2188 669 2225 acerrime
700 2193 865 2225 tueantur
895 2194 929 2224 et
961 2188 1066 2224 certis
1097 2186 1307 2236 quibusdam
1346 2186 1594 2236 destinatisque
1631 2185 1809 2223 sententiis
1847 2185 1947 2234 quasi
1985 2184 2113 2221 addicti
2151 2191 2185 2222 et
2219 2183 2411 2221 consecrati

283 2246 389 2284 etiam
416 2258 476 2294 ea,
513 2259 605 2298 quae
629 2248 822 2284 maximam
845 2253 985 2297 partem
1018 2259 1088 2284 non
1113 2247 1265 2298 probare
1291 2246 1443 2294 soleant,
1482 2246 1696 2283 constantiae
1729 2258 1835 2295 saepe
1868 2258 1973 2282 causa
2005 2245 2193 2281 defendere
2226 2240 2416 2295 cogantur?

282 2305 465 2343 Eiusmodi
490 2312 609 2343 autem
634 2307 772 2354 iudicia,
800 2307 960 2356 quamvis
985 2307 1053 2343 sint
1078 2308 1154 2343 veri
1179 2306 1316 2352 similia,
1343 2318 1452 2354 quum
1474 2318 1537 2342 suo
1563 2305 1711 2354 quisque
1735 2305 1876 2353 ingenio
1901 2305 2112 2353 obsequatur
2137 2316 2254 2352 neque
2270 2303 2420 2350 habeaa'

284 2365 376 2402 unde
400 2371 502 2403 eruat
525 2372 751 2434 argumenta,
788 2366 913 2417 quibus
938 2377 1039 2403 suam
1064 2378 1140 2403 rem
1166 2365 1354 2417 explanet,
1389 2378 1459 2402 non
1483 2365 1529 2402 ab
1555 2364 1716 2401 omnibus
1740 2364 2004 2414 comprobatum
2030 2362 2093 2410 iri,
2124 2372 2230 2399 nemo
2253 2359 2416 2413 negabit.

280 2425 375 2462 Tum
404 2438 490 2463 vero
519 2426 663 2463 illorum
690 2427 848 2463 virorum
872 2426 1015 2463 laudem
1040 2438 1083 2463 ac
1116 2427 1244 2463 merita
1275 2427 1324 2462 ita
1357 2438 1426 2463 non
1452 2426 1669 2475 propositum
1696 2431 1746 2460 est
1781 2425 2007 2470 imminuere,
2040 2430 2079 2458 ut
2103 2435 2212 2472 opera
2236 2417 2417 2459 etstudro·

238 2506 240 2508 -
281 2496 405 2522 eorum
429 2490 536 2535 atque
559 2485 734 2536 imprimis
760 2484 998 2524 Schoemanni
1030 2484 1173 2523 tandem
1207 2484 1396 2535 aliquando
1429 2484 1561 2521 factum
1593 2495 1668 2521 esse
1701 2483 1928 2520 vehementer
1953 2480 2148 2531 gaudeam,
2181 2486 2222 2519 ut
2246 2479 2419 2530 tenebris-,¹

280 2544 318 2582 in
342 2545 468 2595 quibus
493 2545 628 2583 tamdiu
652 2558 709 2583 res
733 2545 888 2593 iacebat,
927 2545 1058 2596 fugatis
1091 2544 1276 2582 clariorem
1312 2545 1427 2581 lucem
1463 2550 1497 2581 et
1528 2543 1718 2593 largiorem
1752 2541 1804 2578 illi
1838 2542 1890 2579 rei
1923 2540 2067 2578 allatam
2100 2551 2195 2589 nunc
2228 2538 2418 2592 adspitiere

281 2604 382 2643 nobis
404 2604 600 2655 contigerit.
646 2605 771 2655 Atque
804 2605 972 2643 nonnulla
1005 2611 1103 2652 sunt,
1142 2616 1234 2655 quae
1266 2604 1409 2654 quidem
1443 2604 1489 2640 ad
1522 2602 1801 2653 cognoscendam
1833 2601 2185 2652 perspiciendamque
2221 2602 2273 2638 rei
2302 2596 2413 2653 ipsiius

281 2676 455 2701 summam
479 2672 550 2702 non
575 2664 768 2703 admodum
793 2664 1009 2716 pertineant,
1045 2633 1107 2702 sed
1141 2663 1367 2701 accuratioris
1399 2661 1694 2713 interpretationis
1727 2660 1886 2710 indigere
1918 2661 2136 2708 videantur,
2145 2672 2247 2712 quo
2263 2658 2415 2709 stafilius,

281 2725 377 2775 quod
401 2724 516 2762 flierit·
531 2731 659 2776 poetae
683 2726 884 2773 consilium,
919 2739 1010 2776 quae
1043 2724 1202 2762 volmtas
1232 2723 1458 2774 intelligatur.
1510 2722 1708 2758 Videantur
1731 2734 1815 2757 sane
1848 2720 2081 2771 quibusdam'
2092 2719 2308 2769 levissima,
2323 2726 2414 2776 ψη

281 2785 350 2822 hoc
374 2784 489 2822 Ιοοσ
477 2795 512 2822 1n
536 2790 724 2835 utramque
748 2791 886 2836 partem
912 2785 1197 2834 disputabuntur,
1236 2784 1331 2833 quod
1356 2783 1526 2832 singulari
1552 2782 1702 2819 aliorum
1727 2780 1923 2818 eruditione
1956 2788 1991 2818 et
2015 2779 2175 2819 doctrina
2196 2777 2317 2818 omnia
2333 2778 2419 2817 ianr

281 2843 442 2894 exposita
457 2843 524 2880 sint
549 2850 585 2881 et
601 2844 788 2895 explicata,
815 2849 948 2882 restant
972 2849 1090 2881 tamen
1115 2842 1274 2894 singulae
1299 2856 1366 2890 reS,
1394 2855 1484 2892 quae
1510 2841 1546 2877 in
1573 2839 1823 2878 dubitationem
1850 2840 1968 2890 aliqua
1995 2853 2039 2877 ex
2064 2846 2167 2890 parte
2191 2840 2310 2877 vocari
2334 2852 2411 2890 pos-

281 2905 368 2951 sint,
404 2910 439 2941 et
463 2917 543 2941 meo
569 2905 657 2941 mihi
682 2905 759 2942 iure
784 2905 833 2942 uti
859 2905 1013 2952 videor,·
1037 2918 1145 2954 quum
1171 2903 1217 2941 de
1232 2904 1310 2940 'illis
1336 2904 1459 2951 rebus,
1487 2915 1577 2952 quae
1603 2902 1717 2938 minus
1743 2907 1838 2938 recte
1864 2907 1898 2937 et
1924 2900 2112 2952 diligenter
2145 2898 2337 2938 mutuatae
2362 2901 2412 2937 vi-

2160 2972 2173 3001 1
