2836 3366
0 1291 37 3167 -ῃεξ-*ᾒ--ῄ--μ--ᾑῐρᾉ

1333 193 1355 232 7

272 321 503 379 ,qn-went
507 317 590 365 esui
611 321 777 368 posunt,
786 310 922 367 quihus
945 323 1133 369 unumque
1156 323 1194 359 et
1212 324 1353 369 poetam
1378 317 1573 367 suspicione
1599 318 1797 370 impietatis,
1824 326 1858 358 et
1869 320 2000 360 Jovem
2024 320 2240 358 crudelitatis
2264 319 2410 357 crimine

276 375 539 427 Wssndm
556 388 646 426 esse
655 376 893 414 demonstrari
916 382 1048 426 petest.
1093 376 1179 416 Sed
1191 388 1249 415 res
1273 377 1392 428 paullo
1418 377 1642 416 accuratioris
1665 378 1908 430 disputationis
1933 380 2073 417 videtur
2097 380 2269 429 indigere.

342 418 605 485 ᾸφειΙι)1ιιε,
609 447 697 485 qua
705 441 789 474 etat
803 435 920 479 animi
945 436 1140 486 gravitate,
1171 448 1285 486 aeque
1319 450 1361 473 ac
1385 436 1507 487 paullo
1531 443 1610 486 post
1634 436 1829 488 Sophocles
1861 440 1897 475 in
1931 439 1998 476 diis
2029 439 2141 476 inesse
2165 439 2306 476 volebat
2332 445 2411 475 ante

275 507 409 541 omnm
427 494 682 544 benignitatem
714 500 751 531 et
777 493 983 542 imfitiam,
1008 495 1231 533 clementiam
1264 501 1299 533 et
1333 496 1553 533 sanctitatem
1584 509 1714 546 eosque
1746 498 1888 536 omnino
1922 499 2082 535 omnibus
2115 505 2302 536 exornatos
2336 509 2411 533 ease

272 549 475 614 ‚vii-tutibus,
501 554 629 603 quibus
653 550 835 603 quidquid
855 553 907 596 in
917 554 1049 595 mundo
1082 560 1189 601 esset,
1216 561 1440 604 superarent.
1499 556 1619 604 Atque
1645 556 1697 593 illi
1721 557 1790 603 dii,
1826 558 1887 606 qui
1912 558 1983 594 iam
2010 558 2091 594 inde
2115 559 2160 593 ab
2186 557 2310 593 ultima
2336 557 2411 592 fere

275 599 460 659 hominum
477 618 599 660 aetate
619 612 745 658 traditi
770 611 979 653 videbantur
1004 614 1154 653 obscura
1187 614 1283 651 tama
1309 619 1344 651 et
1366 614 1402 651 in
1428 612 1582 652 Graecia
1606 614 1714 665 vulgo
1740 615 1961 662 colebantur,
1997 616 2066 653 illis
2090 616 2273 654 virtutibus
2297 616 2410 653 maxi-

275 684 373 715 mam
392 677 552 721 partem
584 671 764 710 carebant.
835 671 1010 717 Quamvis
1041 673 1201 710 homines
1232 673 1325 710 illius
1356 674 1481 710 aetatis
1521 674 1670 711 multum
1704 688 1727 712 a
1759 676 1909 725 pristina
1943 676 2169 725 supertitione
2204 682 2237 712 et
2271 675 2410 712 feritate

278 730 501 780 recessissent
524 736 571 778 et,
590 743 705 780 quum
730 730 870 780 longine
882 744 1071 781 progressa
1093 738 1183 768 esset
1206 731 1367 778 eruditio,
1393 732 1503 769 multo
1521 733 1645 770 melius
1663 734 1708 771 de
1732 734 1798 770 diis
1819 747 2012 784 columque
2028 734 2255 783 religionibus
2280 735 2410 771 sentire

278 789 504 840 coepissent„
524 786 643 838 tamem
673 790 782 828 etiam
814 796 890 833 tum
923 790 1013 828 adeo
1046 802 1180 841 pravae
1213 803 1256 828 ac
1287 804 1475 841 perversae
1508 792 1552 829 de
1585 793 1692 830 rebus
1725 793 1851 830 divinis
1882 795 2040 831 notiones
2074 793 2253 831 hominum
2287 794 2410 830 animis

277 849 422 898 infixae»
436 855 472 890 et
505 849 684 888 vemstatis
714 849 898 887 satmtitato
930 850 1195 894 commendatae
1218 856 1339 896 erant,
1378 857 1417 886 ut
1440 852 1536 900 apud
1571 853 1778 889 eruditiores
1813 854 1971 889 homines
1997 854 2187 902 plurimum
2214 853 2410 889 offensionis

277 908 471 955 habemnt.
510 908 557 948 In
578 920 728 957 quorum
762 920 909 946 numero
933 908 1133 958 Aeschylus
1157 908 1251 946 haud
1283 908 1388 946 dubie
1414 909 1597 947 habendus
1629 916 1690 947 est.
1751 911 1856 948 Tales
1890 912 1997 962 igitur
2028 911 2113 948 deos
2146 916 2197 948 tot
2230 912 2410 961 pravitatis

278 966 428 1009 maculis
448 967 662 1018 adspersos,
694 981 846 1019 quarum
870 968 929 1006 illi,
944 978 1103 1008 auctores
1122 981 1383 1018 nonnumquam
1408 970 1642 1013 habebantur,
1669 969 1848 1021 Aeschylo
1873 971 2075 1021 saepissime
2101 971 2317 1021 displicuisse
2342 985 2410 1008 non

278 1027 497 1074 mirabimur,
522 1028 734 1076 praese-tim.
743 1041 852 1077 quum
867 1029 1085 1066 humanitate
1110 1036 1144 1065 et
1168 1028 1361 1066 eruditione
1386 1029 1457 1067 suis
1471 1029 1670 1066 hominibus
1695 1030 1800 1080 longe
1813 1037 2008 1080 praestaret
2034 1038 2069 1068 et
2094 1031 2224 1067 idcirco
2250 1030 2411 1067 meliores

277 1099 320 1125 ac
336 1087 506 1137 puriores
530 1086 576 1126 de
600 1087 668 1125 diis
691 1088 849 1126 notiones
875 1094 998 1126 mente
1017 1088 1283 1126 informavisset.
1344 1089 1479 1135 Quodsi
1513 1088 1641 1126 fabulis
1678 1090 1822 1138 quidem
1848 1090 2076 1140 plerumque,
2116 1104 2204 1140 quas
2236 1091 2409 1126 communi

278 1146 376 1195 finna
400 1160 422 1183 a
445 1146 638 1194 maioribus
663 1153 699 1183 et
722 1148 878 1185 maxime
902 1161 924 1185 a
948 1149 1077 1197 poetis
1084 1148 1231 1184 naditas
1255 1154 1439 1198 acceperat
1464 1149 1500 1184 in
1527 1148 1740 1185 carminibus
1765 1150 1937 1197 utebatur,
1966 1150 2074 1186 nihilo
2100 1150 2214 1187 minus
2238 1150 2410 1186 interdum

278 1190 402 1253 fiebat,
420 1211 561 1255 utquae
585 1206 623 1242 in
647 1206 716 1244 illis
728 1206 857 1245 sabulis
880 1207 1093 1256 indigniora
1095 1207 1307 1244 videbantur
1332 1207 1480 1244 deorum
1505 1208 1686 1246 maiestate
1712 1215 1746 1244 et
1760 1208 1940 1258 dignitate,
1968 1223 2009 1245 ea
2034 1221 2097 1246 suo
2123 1210 2264 1258 ingenio
2290 1210 2411 1245 immu-

277 1270 369 1303 taret
391 1265 645 1333 immutataque
677 1266 713 1302 in
737 1279 840 1303 suum
872 1279 974 1303 usum
999 1272 1230 1303 converteret
1289 1266 1333 1303 ld
1367 1272 1484 1303 autem
1509 1279 1610 1314 eum,
1647 1273 1684 1303 ut
1710 1268 1937 1304 imbecillitati
1970 1268 2161 1305 incultioris
2185 1267 2412 1304 multitudinis

277 1330 502 1374 parceretur,
537 1325 648 1363 animi
671 1325 860 1366 honestate
893 1325 1037 1364 ductum
1070 1326 1192 1363 fecisse
1225 1326 1419 1376 putandum
1454 1333 1516 1366 est.
1583 1326 1786 1364 Jmmutatio
1823 1328 1932 1377 igitur
1970 1328 2065 1365 fabul
2069 1342 2171 1364 aium
2205 1328 2412 1377 plerumque

278 1384 509 1432 amplificatio
529 1386 629 1432 quasi
658 1385 833 1433 quaedam
867 1397 988 1421 earum
1021 1391 1098 1420 erat
1131 1391 1166 1421 et
1198 1386 1407 1421 emendatio.
1468 1386 1519 1421 At
1553 1385 1646 1421 enim
1673 1386 1874 1422 Piomethei
1908 1387 2047 1422 fabulae
2080 1387 2170 1422 ratio
2204 1386 2310 1432 longe
2344 1386 2412 1421 alia

278 1442 431 1491 videtur:
479 1443 609 1480 Nam’
599 1456 637 1480 ιιι
662 1456 704 1480 ea
729 1456 799 1481 non
823 1443 929 1481 modo
955 1442 1155 1494 Aeschylus
1179 1443 1418 1481 refellendis'
1408 1443 1468 1491 iis,
1505 1457 1596 1494 quae
1621 1444 1693 1481 iam
1719 1445 1778 1482 diu
1804 1445 1849 1482 de
1874 1445 1942 1482 diis
1967 1458 2160 1494 eorumque
2185 1445 2412 1495 religionibus

276 1502 427 1551 turpiter
460 1508 657 1546 commenta
690 1509 811 1549 erant,
849 1503 1030 1540 hominum
1064 1503 1198 1539 animos
1228 1503 1389 1540 excolere
1424 1509 1458 1539 et
1491 1504 1537 1539 ad
1571 1504 1824 1540 humanitatem
1858 1504 2050 1541 informare
2082 1517 2152 1541 non
2177 1504 2311 1549 studet,
2351 1505 2412 1541 sed

279 1561 439 1610 congerit
463 1561 571 1598 etiam
593 1561 631 1598 in
644 1560 773 1599 Jovem
799 1562 1027 1600 contumelias
1053 1568 1087 1599 et
1100 1562 1302 1611 opprobria,
1328 1563 1466 1611 quibus,
1485 1569 1655 1611 quantum
1671 1571 1793 1611 potest,
1820 1565 2064 1600 auctoritatem
2091 1564 2164 1599 eius
2190 1571 2224 1600 et
2245 1564 2412 1599 honorem

278 1620 470 1667 imminuit,
495 1625 530 1658 et
554 1620 798 1667 Prometheus,
825 1621 886 1671 qui
909 1621 1024 1671 magis
1047 1621 1155 1658 nim10
1181 1620 1362 1658 hominum
1388 1633 1521 1668 amore,
1548 1633 1655 1672 quam
1680 1621 1849 1659 scelerato
1874 1622 1992 1660 animo
2018 1622 2196 1674 peccavit,
2224 1622 2413 1660 crudeliter

277 1679 451 1729 plectitur.
505 1680 655 1718 Videtur
679 1694 764 1718 sane
787 1694 844 1718 res
868 1681 917 1718 ita
941 1694 979 1718 se
1005 1681 1147 1727 habere,
1174 1681 1237 1718 sed
1262 1694 1300 1718 re
1326 1681 1527 1730 diligentius
1552 1683 1735 1730 explorata
1761 1683 1873 1718 facilis
1898 1684 1964 1719 erit
1991 1690 2115 1731 poetae
2141 1683 2329 1718 excusatio.

378 1740 435 1776 Ac
458 1740 613 1789 primum
637 1740 793 1788 quidem,
819 1753 928 1789 quum
953 1740 1022 1776 hoc
1045 1739 1111 1777 sibi
1136 1739 1337 1789 Aeschylus
1361 1741 1583 1790 proposuisse
1609 1741 1781 1786 videatur,
1810 1747 1847 1777 ut
1872 1742 2048 1778 neminem
2072 1741 2178 1791 plecti
2205 1741 2411 1787 ostenderet,

280 1797 346 1837 nisi
367 1798 434 1847 qui
458 1804 549 1837 esset
568 1799 608 1836 in
633 1798 748 1848 culpa,
775 1800 850 1836 sine
874 1798 949 1836 ulla
972 1799 1209 1836 controversia
1233 1799 1408 1836 affirmari
1433 1806 1546 1849 potest
1570 1812 1615 1836 ne
1627 1800 1758 1838 Jovem
1784 1800 1927 1850 quidem
1951 1801 2157 1837 insolentem
2182 1801 2283 1837 illum
2310 1801 2412 1837 deum

281 1857 485 1909 habendum
510 1870 596 1905 esse,
623 1859 683 1908 qui
715 1858 813 1896 nulla
836 1871 951 1907 neque
983 1870 1215 1908 personarum
1248 1871 1362 1908 neque
1387 1871 1505 1895 rerum
1539 1867 1716 1908 gestarum
1753 1860 1886 1896 ratione
1921 1859 2042 1896 habita
2075 1860 2253 1909 puniendo
2286 1860 2412 1909 probos

280 1916 477 1965 improbos,
513 1922 628 1954 sontes
664 1917 818 1954 insontes
850 1917 1000 1954 mirifice
1033 1917 1235 1954 delectetur.
1294 1917 1431 1963 Quodsi
1453 1918 1597 1967 ubique
1628 1918 1723 1967 apud
1756 1925 1897 1967 poetam
1932 1919 1960 1954 is
1993 1920 2055 1968 qui
2089 1919 2231 1956 sceleris
2269 1919 2411 1955 alicuius

282 1974 385 2024 culpa
410 1981 558 2023 tenetur,
572 1976 790 2014 temeritatis
815 1982 851 2014 et
873 1976 1187 2015 inconsiderantiae
1211 1989 1361 2027 poenam
1385 1977 1541 2024 sustinet,
1566 1977 1603 2013 in
1627 1977 1840 2014 Prometheo
1864 1978 2048 2027 tragoedia
2073 1991 2141 2015 non
2163 1978 2257 2015 idem
2283 1978 2410 2015 factum

282 2046 358 2072 esse
382 2034 480 2073 credi
505 2035 568 2072 vix
592 2042 715 2085 potest.
765 2035 924 2084 Ideoque
947 2049 995 2073 ne
1017 2037 1269 2074 Prometheum
1303 2036 1447 2085 quidem
1471 2050 1541 2073 non
1565 2037 1640 2073 sine
1665 2037 1784 2086 aliquo
1818 2038 1943 2074 merito
1979 2049 2041 2074 suo
2076 2038 2193 2087 puniri
2218 2037 2410 2087 putandum

283 2098 353 2139 est3
379 2093 442 2131 sed
465 2100 505 2130 ut
528 2094 724 2132 maximum
749 2094 922 2141 scelusfet
944 2094 1176 2145 inexpiabiles
1200 2094 1274 2133 fere
1299 2094 1443 2133 fraudes
1468 2095 1636 2146 concepit,
1663 2096 1712 2133 ita
1738 2096 1859 2133 ultimo
1882 2096 2055 2134 afficiatur
2077 2097 2245 2148 supplicio
2272 2109 2411 2134 necesse

277 2158 354 2202 vest:
389 2152 573 2201 δράσαντι
600 2158 741 2192 παθεῖν
767 2154 945 2204 (Chocph.
973 2156 1094 2202 313.),
1128 2153 1214 2200 ἄξια
1240 2155 1382 2202 δράσας
1409 2153 1496 2200 ἄξια
1522 2155 1682 2202 πάσχων
1709 2156 1880 2205 (Agamn.
1908 2157 2043 2205 1522).
2096 2156 2202 2201 Quod
2227 2163 2342 2191 autem
2378 2163 2413 2192 et

284 2212 389 2261 quale
414 2212 550 2250 facinus
572 2213 789 2251 commiserit
811 2213 1055 2261 Prometheus,
1081 2226 1173 2251 nunc
1198 2214 1489 2264 perscrutandum
1515 2220 1575 2251 est.

382 2270 525 2322 Jupiter
551 2272 735 2311 Titanibus
759 2273 903 2310 remotis
926 2285 1035 2322 quum
1060 2273 1106 2310 ad
1132 2286 1282 2322 regnum
1306 2274 1489 2311 accederet
1512 2282 1546 2312 et
1568 2275 1643 2325 ipse
1668 2275 1790 2311 mundi
1813 2288 2002 2325 rerumque
2028 2275 2268 2312 universarum
2294 2275 2413 2312 mode-

282 2332 456 2369 rationem
480 2339 703 2383 suscepturus
727 2338 826 2380 esset,
851 2332 887 2369 in
913 2339 1007 2370 terra
1032 2333 1165 2370 invenit
1188 2346 1300 2382 genus
1325 2333 1504 2371 hominum
1532 2336 1642 2373 brutis
1668 2335 1796 2382 bestiis,
1823 2342 1861 2372 ut
1885 2336 1999 2382 aiunt,
2031 2335 2176 2372 similius
2202 2349 2309 2385 quam
2335 2335 2412 2380 diis,

286 2390 350 2427 etsi
374 2391 500 2428 eodem
523 2391 612 2438 loco,
638 2405 710 2440 quo
735 2392 785 2428 dii
810 2392 970 2435 homines
993 2393 1063 2429 orti
1077 2398 1186 2429 erant.
1236 2392 1386 2439 Infirmi,
1412 2394 1590 2441 imbecilli,
1617 2400 1779 2444 expertes
1799 2395 1953 2430 omnium
1967 2393 2262 2442 adiumentorum,
2288 2394 2414 2444 quibus

286 2449 340 2487 usi
363 2449 465 2500 quasi
489 2462 509 2487 e
533 2450 707 2499 tenebris,
741 2450 777 2487 in
797 2450 923 2500 quihus
948 2451 1054 2489 etiam
1079 2458 1153 2489 tum
1176 2451 1348 2499 iacebant,
1383 2452 1421 2489 ιιι
1445 2453 1559 2490 lucem
1583 2454 1751 2490 virtutum
1776 2454 1934 2490 revocari
1958 2452 2078 2502 aliqua
2102 2454 2239 2491 ratione
2264 2461 2413 2503 possent,

286 2510 381 2547 omni
414 2509 565 2559 denique
598 2511 803 2547 morborum
822 2523 966 2560 ¹genere
1000 2517 1036 2548 et
1064 2510 1304 2548 molestiarum
1337 2512 1456 2548 vexati
1488 2518 1652 2561 metuque
1687 2512 1802 2548 fatalis
1835 2512 2046 2549 necessitatis
2080 2514 2226 2550 cruciati
2247 2519 2271 2562 ¹)
2308 2514 2414 2550 vitam

286 2568 522 2607 miserrimam
548 2569 729 2619 ‚pecudum
766 2570 850 2616 ritu·
865 2569 905 2606 in
930 2569 1114 2620 speluncis
1145 2577 1181 2607 et
1212 2570 1381 2608 silvarum
1416 2571 1575 2608 faucibus
1610 2571 1719 2607 abditi
1753 2571 1937 2619 degebant.
1953 2573 1983 2619 2)
2036 2573 2096 2608 Ex
2129 2573 2322 2609 miserabili
2353 2573 2415 2609 illa

285 2628 501 2678 immanique
522 2628 617 2676 vitae
638 2628 856 2677 conditione,
882 2642 954 2679 qua
976 2642 1001 2666 a
1020 2629 1195 2681 principio
1219 2636 1338 2677 erant,
1364 2630 1528 2681 quoniam
1555 2641 1736 2680 emergere
1762 2630 1921 2668 homines
1945 2644 2171 2682 nequaquam
2195 2646 2295 2683 posse
2322 2632 2416 2670 vide-

287 2689 424 2736 bantur,
450 2702 565 2737 neque
588 2688 635 2725 ad
659 2688 734 2725 veri
760 2689 1063 2737 investigationem
1081 2690 1397 2738 inventionemque,
1423 2703 1536 2738 neque
1561 2690 1606 2726 ad
1619 2689 1851 2737 cognitionem
1877 2690 2057 2739 dignitatis
2081 2699 2227 2728 naturae
2240 2692 2414 2728 humanae

288 2752 324 2790 et
346 2747 515 2784 virtutum
540 2747 680 2795 adduci,
707 2747 832 2794 inutile
853 2747 941 2786 illud
966 2747 1148 2790 hominum
1173 2761 1304 2798 genus,
1330 2750 1390 2799 qui
1416 2748 1643 2797 intelligentia
1669 2754 1703 2783 et
1727 2747 1862 2785 ratione
1888 2751 2029 2788 omnino
2055 2764 2176 2788 carere
2203 2752 2413 2796 viderentur,

287 2806 428 2855 Jupiter
452 2819 563 2855 regno
587 2813 731 2855 accepto
765 2808 882 2843 statim
916 2808 1123 2857 extinguere
1157 2815 1191 2844 et
1225 2821 1245 2845 e
1271 2821 1388 2845 rerum
1423 2814 1546 2844 natura
1581 2806 1819 2844 exterminare
1853 2809 2098 2858 constituerat,
2137 2817 2175 2848 ut
2208 2810 2269 2848 illo
2300 2810 2414 2847 deleto

366 2936 390 2974 ²)
411 2936 508 2965 Prom.
529 2947 557 2965 v.
578 2938 646 2970 248,
686 2936 707 2974 ²)
727 2938 786 2966 452
807 2946 870 2975 sqq.
