2836 3366
1373 191 1398 236 9

299 322 431 368 unffi
450 322 650 362 mubiano
670 325 886 361 ebeno-tun
897 322 1057 360 -seJove
1074 320 1293 371 uper-ierem
1316 312 1396 374 fieri
1420 330 1523 367 posse
1547 318 1747 355 arbitratur.
1798 318 1934 368 Itaque,
1960 324 2000 354 ut
2024 317 2150 363 dicam,
2178 282 2264 366 quid
2288 317 2448 363 sentiam,

299 384 375 422 -in
373 378 598 422 Prometheo
611 381 743 420 fabula
763 380 807 420 si
820 381 902 442 quis
924 374 1055 419 &inerit
1069 385 1226 417 ‘veteres'¹
1235 373 1324 415 dees
1347 372 1428 414 cum
1452 375 1570 424 novis,
1606 388 1694 427 ergo
1724 377 1825 427 quasi
1849 383 2005 414 veterem
2029 381 2182 413 aemam
2206 380 2345 412 certare
2369 385 2449 412 cum

298 445 433 490 unm,
465 439 592 492 'neque
604 438 831 479 dissimilem
836 452 915 478 eme·
942 441 1063 478 huius
1079 439 1235 476 fabulae
1254 438 1440 474 rationem
1461 442 1565 485 atque
1589 436 1843 483 Eumenidum,
1877 438 1914 472 in
1946 450 2016 485 qua
2047 434 2233 485 tragoedia
2258 434 2390 485 Apono
2415 440 2449 471 et

319 497 494 542 mvn·
500 496 689 553 inquii:
695 501 798 539 novi»
812 500 879 538 dii
874 512 952 551 pro
977 497 1115 539 Orestis
1131 496 1259 536 salute
1274 509 1355 534 cum
1380 494 1651 543 Eumenidibus,
1685 507 1777 545 quae
1808 500 1967 533 veterum
2001 494 2148 567 deqrum
2180 493 2340 552 partibus
2370 493 2449 533 'fu-

318 569 461 612 mur,
482 567 731 621 propugnenq
735 555 814 599 non
838 560 945 610 longe
967 564 1050 598 σωι]
1075 551 1243 596 aberrare
1260 567 1281 594 a
1298 550 1444 626 veritate
1469 549 1708 593 contenderim
1733 561 1769 592 et
1794 560 2041 605 argumentum
2052 546 2100 592 'et
2114 555 2340 624 sententiam
2348 553 2448 591 febu-

319 618 397 709 Ιώ,
408 617 471 660 de
481 632 567 673 qus
575 616 738 668 dicimus,
755 620 864 658 haud
879 619 975 657 maie
997 624 1217 670 exponere.

304 704 305 707 =
399 682 531 718 -Ounr'
537 681 610 721 illu
618 689 753 720 reum
764 680 988 729 expositione
1014 679 1088 717 slis
1106 688 1165 714 res
1190 676 1330 712 videtur
1361 674 1604 724 coniungenda
1638 688 1722 711 esse.
1782 675 1876 711 Nam
1902 687 2011 723 quum
2036 679 2141 741 poeta
2164 674 2201 710 in
2231 633 2447 710 Prometheo

304 741 504 792 *tragoedia
515 735 682 791 fingenda
707 749 750 777 ea
766 739 851 777 fere
875 738 1005 786 omnia,
1030 748 1129 788 quae
1135 736 1181 774 de
1193 731 1341 773 deorum
1354 734 1605 785 hominumque
1629 735 1766 785 origine
1791 734 1861 771 iam
1875 733 2051 771 communi
2076 733 2172 770 fama
2195 723 2448 780 traditaerant,

316 797 439 839 mente
461 806 499 838 et
520 800 734 850 cogitatione
756 806 893 846 teneat,
918 808 1044 847 neque
1068 798 1118 834 ita
1149 797 1197 833 de
1221 808 1264 832 ea
1286 807 1329 831 re
1353 795 1496 841 sentiat,
1527 801 1565 831 ut
1591 801 1712 844 postea
1744 794 1822 830 aliis
1847 806 1930 830 sane
1955 793 2147 830 rationibus
2180 793 2273 830 ducti
2298 793 2409 830 Plato·
2419 792 2446 842 ¹)

305 867 366 898 et
375 861 439 898 alii
461 860 627 907 iudicant,
650 858 795 910 Jupiter
820 859 854 896 ei
877 870 950 895 non
974 863 1026 895 est
1048 862 1172 894 rerum
1197 861 1232 893 et
1257 855 1438 891 hominum
1463 860 1611 891 creator.
1662 853 1768 890 Illum
1794 853 1912 903 igitur,
1939 865 2048 902 quum
2073 852 2118 889 ad
2144 851 2266 889 mundi
2289 852 2449 908 modera-

318 922 452 958 tionem
475 919 676 960 accessisset
700 930 769 955 non
794 914 990 955 hereditate
1013 916 1112 954 illam
1138 915 1283 965 quidem
1307 914 1482 961 relictam,
1516 913 1578 950 sed
1603 919 1682 963 post
1706 919 1860 950 atrocem
1886 913 2156 980 diuturnamque
2186 925 2342 962 pugnam
2367 902 2448 949 cum

320 974 454 1017 infestis
478 978 691 1015 adversariis
715 983 915 1027 acceptam,
950 989 974 1013 a
997 981 1101 1027 poeta
1126 974 1278 1011 describi
1299 986 1495 1011 memorem
1521 973 1640 1022 magni
1666 972 1797 1009 laboris
1831 978 1867 1009 et
1889 972 2018 1008 virium
2044 971 2289 1018 contentionis,
2321 972 2449 1020 quibus

320 1051 409 1089 opus
434 1038 609 1075 fuer-itud
634 1036 823 1087 imperium
857 1035 1139 1087 adipiscendum,
1172 1034 1279 1088 idque
1312 1033 1473 1085 omnibus
1506 1033 1639 1070 viribus
1674 1038 1795 1069 contra
1828 1031 2001 1081 quoslibet
2034 1031 2258 1068 adversarios
2291 1031 2447 1068 obtinere

309 1104 503 1135 ‘conantem
527 1097 630 1133 facile
654 1102 710 1133 est
731 1093 1079 1144 adrintelligendum.
1130 1094 1194 1130 Est
1218 1094 1328 1143 igitur
1357 1099 1396 1129 ut
1428 1094 1465 1128 in
1491 1105 1582 1129 novo
1619 1105 1729 1140 regno
1762 1104 1875 1127 novus
1910 1091 2070 1127 dominus
2095 1103 2164 1126 non
2190 1103 2330 1140 semper
2354 1091 2446 1127 mitis

301 1172 307 1183 ³
320 1164 356 1196 et
379 1157 572 1206 benignus,
605 1155 668 1193 sed
702 1167 965 1205 nonnumquam
998 1154 1108 1192 durus
1140 1158 1174 1190 et
1207 1152 1354 1203 asper.²)
1406 1152 1524 1202 Atque
1557 1152 1594 1188 in
1628 1151 1910 1188 adversarior-mn
1943 1162 2090 1187 numero
2122 1155 2244 1200 postea
2275 1149 2349 1186 sine
2372 1149 2445 1186 ulla

318 1211 534 1255 dubitatione
559 1215 742 1253 habendus
766 1221 844 1251 erat
866 1214 1115 1260 Prometheus,
1142 1214 1204 1263 qui
1229 1218 1263 1248 et
1282 1217 1434 1263 ,prepter
1458 1224 1582 1262 parem
1608 1217 1713 1261 atque
1738 1211 1826 1247 adeo
1852 1210 1969 1247 multis
1994 1211 2099 1246 rebus
2122 1210 2295 1246 maiorem
2321 1209 2445 1245 intelli-

317 1278 474 1327 gentiam
500 1282 535 1313 et
558 1281 705 1325 propter
726 1274 988 1341 cognationem
1014 1286 1105 1323 quae
1131 1273 1163 1310 ei
1189 1281 1270 1309 eum
1295 1272 1472 1321 prioribus
1498 1271 1564 1308 diis
1590 1277 1683 1317 erat,
1720 1283 1849 1319 magno
1875 1270 2083 1307 detrimento
2109 1276 2143 1306 et
2167 1270 2337 1319 perniciei
2364 1268 2446 1307 Jovi

318 1349 393 1373 esse
417 1341 564 1386 poterat.
615 1335 736 1372 Nihilo
762 1340 880 1370 tamen
903 1334 1017 1370 minus
1040 1345 1118 1369 rem
1142 1332 1192 1368 ita
1215 1332 1362 1368 instituit
1374 1329 1583 1379 AeschyluS,
1611 1336 1648 1366 ut
1661 1329 1801 1376 Jovem,
1828 1343 1937 1379 quum
1955 1330 2138 1365 victoriam
2164 1329 2209 1365 ab
2235 1328 2446 1365 adversariis

316 1397 576 1447 reportavisset,
600 1395 798 1445 pepercisse
810 1393 1022 1431 Prometheo
1048 1398 1083 1429 et
1107 1383 1313 1429 clementem
1339 1396 1374 1428 et
1398 1390 1607 1428 benevolum
1619 1404 1656 1426 se
1681 1389 1733 1426 illi
1758 1390 1963 1440 praebuisse
1987 1401 2248 1439 cognoscamus.
2275 1388 2443 1435 Queritur

319 1455 462 1505 quidem
487 1454 718 1492 Prometheus
742 1454 981 1500 vehementer,
1007 1452 1074 1489 sibi
1099 1452 1175 1499 soli,
1201 1451 1316 1488 licet
1307 1464 1343 1487 in
1368 1450 1564 1487 affectando
1588 1449 1738 1500 imperio
1763 1462 1867 1498 opem
1892 1448 2025 1485 tulisset
2037 1447 2131 1496 Jovi,
2159 1448 2273 1485 nullos
2297 1447 2444 1485 tributos

319 1527 394 1552 esse
418 1515 579 1562 honores,
592 1517 619 1564 ³)
645 1514 706 1551 sed
733 1527 841 1564 quum
866 1526 980 1562 poena
1002 1511 1153 1549 afficitur
1164 1511 1268 1561 gravi
1294 1511 1373 1548 odio
1387 1510 1514 1547 summi
1540 1510 1596 1546 dei
1609 1516 1803 1546 commotus
1828 1510 1946 1545 animo
1963 1509 2051 1545 irato
2066 1515 2099 1545 et
2122 1508 2256 1558 percito
2278 1508 2442 1558 loquitur.

319 1575 416 1622 Quin
442 1576 548 1612 etiam
573 1587 618 1611 ne
642 1575 688 1611 ob
713 1580 853 1623 raptum
870 1573 1021 1622 ‘quidem
1046 1573 1165 1621 ignem
1190 1571 1333 1621 Jupiter
1357 1583 1488 1620 poenas
1513 1571 1556 1606 ab
1583 1582 1624 1606 eo
1649 1569 1835 1618 sumpsisse
1860 1568 2014 1615 videtur,
2051 1568 2144 1618 quod
2170 1567 2355 1615 Oceanus,
2373 1568 2443 1616 'qui

319 1635 434 1672 fuerat
458 1634 494 1671 in
509 1656 511 1658 >
528 1634 611 1684 igne
643 1633 812 1684 rapiendo
843 1633 956 1670 socius
981 1631 1186 1670 Promethei
1219 1630 1443 1668 consiliorum
1470 1635 1504 1666 et
1536 1629 1685 1675 adiutor,
1725 1631 1839 1678 poena
1873 1628 2012 1665 omnino
2049 1641 2120 1665 non
2145 1627 2349 1674 tenebatur,
2383 1627 2444 1664 sed

319 1695 503 1731 incolumis
528 1694 698 1731 demissus
724 1699 810 1730 erat.
824 1693 853 1742 4)
904 1693 1030 1743 Itaque
1056 1704 1126 1728 non
1148 1697 1293 1740 propter
1318 1690 1409 1726 hanc
1434 1702 1541 1725 unam
1566 1702 1652 1738 rem,
1680 1689 1774 1737 quod
1800 1689 1917 1737 ignem
1945 1689 2077 1724 furatus
2103 1694 2189 1734 erat,
2215 1688 2445 1724 Prometheus

305 1767 433 1804 >poena
457 1747 621 1800 afficitur,
647 1753 708 1789 sed
734 1752 827 1801 quod
852 1758 975 1788 auctor
1000 1752 1125 1798 fuerat,
1153 1757 1190 1787 ut
1214 1750 1372 1787 homines
1397 1755 1577 1799 comperto
1601 1749 1693 1798 ignis
1719 1762 1782 1784 usu
1808 1762 1878 1785 una
1903 1762 1983 1784 cum
2009 1748 2141 1784 artibus
2166 1749 2264 1784 varia
2292 1748 2446 1784 remedia

320 1812 503 1862 paullatim
519 1816 780 1862 cognoscerent,
807 1822 897 1860 quae
922 1811 968 1846 ad
981 1810 1207 1861 depellendos
1219 1809 1375 1859 corporis
1388 1809 1527 1844 morbos
1540 1808 1761 1855 adhiberent,
1788 1819 1856 1857 quo
1870 1807 2001 1842 factum
2016 1813 2077 1853 est,
2104 1812 2141 1842 ut
2160 1807 2267 1842 breve
2279 1806 2446 1855 temporis

318 1872 480 1923 spatium,
506 1872 600 1921 quod
614 1872 825 1921 deprecante
839 1871 1051 1908 Prometheo
1063 1861 1207 1919 Jupiter
1229 1871 1352 1919 generi
1366 1868 1519 1905 humano
1533 1874 1761 1914 concesserat,
1789 1867 1846 1905 vel
1871 1867 1978 1903 invito
1992 1866 2084 1904 Jove
2097 1866 2234 1915 longius
2245 1865 2447 1917 ‘producere

318 1943 421 1981 posse
445 1932 659 1968 viderentur.
711 1930 885 1976 Quoniam
918 1936 1036 1966 autem
1070 1941 1139 1965 non
1173 1941 1242 1965 uno
1276 1928 1471 1978 eodemque
1504 1933 1662 1977 tempore
1695 1927 1755 1962 sed
1789 1926 1968 1976 paullatim
1999 1926 2156 1962 homines
2181 1925 2296 1961 variis
2313 1925 2447 1962 artibus

319 1991 493 2028 institutos
518 1991 624 2027 fuisse
649 1991 873 2027 manifestum
898 1995 965 2036 est,
1001 1995 1036 2026 et
1059 1989 1293 2025 Prometheus
1327 1987 1576 2037 progrediente
1600 1993 1758 2035 tempore
1785 1999 1842 2022 eos
1868 1986 2010 2022 instituit
2035 1985 2241 2034 docuitque,
2278 1997 2359 2021 eum
2383 1996 2449 2035 per

320 2063 423 2089 omne
448 2050 536 2088 illud
569 2056 726 2100 tempus,
758 2062 827 2099 quo
863 2049 908 2086 ad
942 2048 1151 2086 erudiendos
1176 2048 1334 2085 homines
1369 2059 1456 2097 opus
1488 2045 1621 2093 fuerat,
1656 2045 1865 2083 incolumem
1891 2051 1925 2081 et
1958 2044 2168 2096 impunitum
2193 2044 2299 2081 fuisse
2324 2045 2449 2094 negari
2507 2050 2510 2057 ⁴

320 2111 416 2147 nullo
448 2111 553 2147 modo
586 2116 710 2160 potest.
761 2110 865 2147 Justa
897 2110 1004 2158 igitur
1036 2121 1059 2145 a
1084 2107 1176 2145 Jove
1207 2108 1357 2156 patitur,
1392 2107 1487 2156 quod
1521 2107 1706 2155 quominus
1739 2118 1868 2140 novum
1903 2105 2084 2140 hominum
2114 2117 2226 2153 genus
2258 2111 2447 2150 crearetur,

318 2170 442 2206 fraude
468 2170 571 2216 mala,
598 2175 766 2219 quantum
792 2174 940 2219 poterat,
967 2167 1209 2218 impediverat.
1259 2167 1379 2203 Poena
1404 2165 1557 2215 quidem,
1582 2178 1672 2215 quae
1698 2164 1879 2201 subeunda
1905 2169 1956 2200 est
1981 2164 2207 2211 Prometheo,
2235 2177 2364 2213 magna
2391 2170 2442 2200 est

320 2234 355 2265 et
380 2230 568 2279 singularis
594 2234 629 2265 et
654 2241 745 2278 quae
770 2242 791 2264 a
816 2228 1016 2265 saevissimo
1043 2227 1160 2277 aliquo
1185 2227 1326 2263 homine
1351 2226 1386 2261 in
1412 2226 1624 2261 acerrimum
1649 2225 1784 2260 hostem
1811 2224 1856 2259 de
1881 2224 2055 2259 industria
2082 2223 2243 2272 excogita
2269 2223 2445 2269 videntum

319 2288 381 2326 sed
407 2290 466 2338 qui
491 2288 663 2338 supplicio
687 2289 839 2325 afficitur
864 2288 949 2324 deus
974 2292 1036 2334 est,
1062 2299 1134 2324 non
1157 2287 1274 2333 homo,
1301 2286 1361 2335 qui
1384 2286 1499 2335 primo
1525 2298 1664 2334 quoque
1690 2283 1862 2320 malorum
1876 2283 2009 2333 impetu
2034 2283 2269 2319 succubuisset
2289 2283 2449 2319 fortunae

319 2361 413 2385 suae.
466 2348 774 2395 Quemadmodum
807 2353 925 2384 autem
959 2347 1084 2397 ingens
1117 2352 1194 2383 erat
1218 2346 1362 2392 facinus,
1389 2344 1483 2395 quod
1508 2358 1616 2394 quum
1642 2344 1760 2381 dolose
1786 2357 1826 2380 ac
1851 2343 2094 2380 fraudulenter
2118 2342 2247 2379 Jovem
2273 2342 2449 2393 decepisse

320 2409 510 2456 videretur,
537 2408 769 2446 Prometheus
794 2408 1035 2453 commiserat,
1069 2407 1118 2444 ita
1143 2407 1266 2455 ingens
1292 2418 1367 2442 esse
1401 2404 1552 2442 debebat
1576 2403 1796 2453 supplicium.
1848 2403 1911 2440 Est
1935 2409 2052 2439 autem
2088 2415 2162 2439 mos
2188 2402 2378 2452 Aeschyli,
2411 2408 2450 2439 ut

320 2469 538 2507 considerate
565 2475 599 2506 et
624 2468 706 2505 data
731 2481 840 2519 opera.
864 2467 1005 2519 culpam
1030 2467 1134 2518 culpa
1159 2479 1291 2517 augere
1316 2473 1352 2503 et
1376 2465 1557 2502 cumulare
1582 2464 1701 2512 soleat,
1728 2477 1796 2514 quo
1823 2464 1881 2511 fit,
1908 2470 1945 2500 ut
1970 2462 2029 2513 qui
2055 2467 2172 2500 sontes
2197 2461 2447 2510 describantur,

319 2529 345 2566 ii
369 2530 416 2567 ab
441 2529 573 2567 scelere
598 2530 700 2579 quasi
725 2529 770 2565 ad
796 2528 892 2565 aliud
916 2533 1071 2577 spectent
1094 2528 1216 2564 scelus.
1242 2526 1419 2572 Quoniam
1447 2531 1573 2573 autem,
1601 2538 1669 2575 quo
1695 2526 1808 2561 maior
1832 2525 1870 2560 fit
1884 2525 1997 2574 culpa,
2023 2536 2064 2561 eo
2091 2524 2205 2561 maior
2221 2523 2283 2560 fiat
2305 2535 2446 2561 necesse

320 2596 372 2627 est
397 2589 510 2637 dolor,
535 2603 606 2639 quo
631 2589 711 2639 quis
738 2593 907 2634 vexatur,
940 2587 969 2624 si
993 2587 1080 2637 quid
1106 2587 1231 2624 iniuste
1257 2592 1318 2623 aut
1341 2586 1449 2636 impie
1476 2585 1706 2631 commiserit,
1742 2585 1825 2621 item
1851 2585 1885 2620 in
1912 2584 2125 2621 Prometheo
2151 2585 2196 2621 ab
2222 2583 2283 2620 illa
2308 2595 2449 2621 consue-

320 2650 441 2687 tudine
466 2649 515 2686 ita
538 2661 608 2686 non
633 2648 801 2686 recedere
832 2653 972 2698 poetam
1005 2646 1182 2692 videmus,
1217 2651 1256 2682 ut
1280 2646 1483 2682 Promethei
1517 2644 1674 2691 dolores,
1709 2644 1833 2693 quibus
1859 2644 2054 2690 cruciatur,
2090 2644 2219 2680 mirum
2244 2643 2279 2679 in
2304 2642 2448 2680 modum

308 2709 510 2760 amplificet
541 2709 723 2747 doloribus
754 2714 790 2746 et
822 2714 960 2758 augeat.
1010 2707 1104 2744 Nam
1136 2705 1368 2743 Prometheus
1399 2711 1532 2741 tantum
1564 2705 1681 2751 abest,
1717 2710 1755 2740 ut
1784 2716 1821 2741 se
1853 2704 2011 2754 graviter
2042 2704 2242 2754 peccavisse
2275 2703 2448 2753 intelligat

318 2781 466 2819 seseque
491 2768 616 2819 culpae
640 2768 784 2806 affinem
796 2781 871 2805 esse
896 2766 1100 2804 confiteatur
1125 2771 1185 2802 aut
1196 2777 1332 2802 summo
1357 2764 1480 2801 mundi
1492 2764 1731 2814 gubernatori,
1757 2764 1813 2800 cui
1839 2763 1933 2814 quod
1946 2764 2101 2813 potentia
2126 2770 2232 2813 atque
2245 2762 2448 2800 auctoritate

322 2841 442 2865 omnes
467 2828 650 2875 antecedit,
678 2841 798 2865 omnes
824 2827 967 2864 obedire
992 2832 1027 2863 et
1051 2838 1177 2875 parere
1203 2824 1363 2871 debeant,
1390 2824 1418 2859 si
1443 2836 1514 2859 non
1531 2824 1701 2860 submisso
1725 2824 1842 2859 animo
1868 2836 1905 2860 se
1918 2823 2087 2870 subiiciat,
2114 2829 2151 2859 at
2176 2822 2272 2859 ἑκών
2299 2822 2456 2859 α’ἑκοντί

401 2958 427 2997 ¹)
448 2959 525 2986 Plut.
546 2959 665 2996 Protag.
686 2967 715 2994 p.
739 2959 795 2985 320
816 2958 852 2987 D.
896 2956 918 2995 ²)
938 2956 1037 2984 Ptom.
1059 2955 1106 2985 35.
1127 2956 1163 2982 96
1186 2963 1250 2991 sqq.
1270 2956 1308 2984 al.
1329 2956 1384 2985 loc.
1427 2956 1448 2992 ³)
1470 2955 1567 2982 Prom.
1590 2955 1657 2982 240.
1698 2954 1721 2992 ⁴)
1743 2954 1800 2981 330
1821 2962 1885 2990 sqq.

2251 3012 2269 3043 to
